2409 3859
418 464 424 483 =
471 454 623 503 musa-1.
640 455 677 503 as
737 476 752 491 ··
985 443 1026 505 ω

179 603 339 682 mauult,
353 604 440 663 nulla
459 622 524 663 esse
542 604 697 663 dieamusl
729 603 829 680 -Atqui
848 622 886 663 ne
906 602 981 663 euri·

179 703 301 760 osisdmi
314 702 436 777 quidem
456 701 589 759 homines
607 701 784 776 exquirendo
804 701 903 760 audire
921 712 980 760 tam

180 798 266 855 nulla
276 806 412 873 possunt,
427 814 515 870 quam
527 805 594 853 suut
607 796 705 868 multa,
720 815 783 872 quae
798 806 882 867 terra,
897 797 979 869 mari,

180 895 342 971 paludibus,
370 892 541 951 fluminibus
572 893 715 951 existunt:
750 912 815 968 quae
841 911 980 970 negemus

179 1008 248 1062 esse,
268 991 340 1066 quia
360 1008 511 1065 uunquam
537 989 667 1048 vidimus,
707 989 775 1066 Ipsa
802 1008 868 1047 vero
894 999 1009 1065 quam5

180 1088 247 1147 nihil
262 1088 377 1146 adrem
397 1072 537 1164 pertinet(
545 1106 610 1163 quae
630 1105 681 1145 vos
701 1087 825 1145 delectat
845 1087 979 1156 maxime,

180 1185 361 1244 similitudo?
402 1183 511 1246 Quidt
539 1184 621 1243 oanis
647 1203 744 1243 noune
764 1185 867 1264 similis
886 1185 978 1262 lupol

180 1293 271 1358 etque,
285 1293 320 1341 ut
332 1281 460 1354 Ennius,

238 1439 345 1488 “Simia
356 1452 432 1502 quam
443 1411 529 1486 similis
530 1438 691 1503 ‚turpissima
699 1437 786 1500 bestia,
798 1437 883 1486 nobi„
878 1439 883 1469 ι
893 1437 908 1459 a
953 1505 955 1508 Ι

181 1590 315 1642 umores
330 1581 361 1639 iu
381 1590 504 1655 auoque
524 1581 660 1657 dispares.
701 1580 864 1685 Elephanto
884 1580 1024 1638 belua-10

180 1696 240 1736 mm
267 1678 350 1736 nulla
373 1676 560 1753 prudentior.
588 1687 617 1735 at
643 1656 735 1753 figura
761 1695 824 1751 quae
851 1677 977 1734 vastiori

181 1772 224 1833 ns
242 1775 346 1833 bestiis
369 1775 483 1849 loquor.
531 1773 635 1836 Quidl
657 1773 732 1830 inter
753 1773 830 1848 ipsos
849 1761 980 1831 homines
1055 1760 1071 1819 Ῑ

180 1888 273 1930 noune
306 1880 337 1929 et
362 1869 517 1926 simillimis
543 1870 643 1928 formis
670 1870 797 1945 dispares
824 1887 927 1942 mores,
949 1881 978 1928 et

180 1968 307 2026 moribus
326 1965 482 2024 simillimis
502 1966 592 2043 ligura
612 1966 778 2024 dissimilis?
819 1965 935 2027 Etenim
955 1967 979 2026 si

180 2064 276 2136 semel,
298 2062 405 2134 Vellei,
425 2063 598 2139 suscipimus
618 2081 710 2140 genus
730 2064 786 2121 hoe
807 2065 978 2140 argumenti,
992 2074 1073 2125 15--

181 2161 295 2219 attende
321 2177 382 2235 quo
396 2170 519 2262 serpat.
546 2171 577 2218 tu
599 2161 677 2218 enim
704 2161 845 2232 sumebas,
866 2162 920 2219 nisi
948 2163 979 2219 iu

181 2256 304 2316 hominis
317 2233 412 2334 figura
424 2257 564 2315 rationem
577 2258 672 2315 inesse
685 2275 743 2315 non
763 2277 865 2334 posse:
887 2268 980 2317 sumet

181 2354 262 2427 dius,
275 2354 334 2413 uisi
349 2353 380 2411 iu
400 2320 556 2424 terrestri}
566 2353 622 2412 uisi
643 2354 674 2410 in
693 2372 729 2411 oo
730 2355 802 2430 ‚qui
822 2367 906 2415 natus
925 2355 978 2423 sit3

180 2450 235 2508 uisi
248 2452 279 2509 in
293 2468 341 2522 eo,
357 2468 406 2525 qur
398 2449 593 2521 adoraverim
615 2449 670 2507 nisi
691 2451 722 2509 in
742 2470 787 2522 eo,
803 2453 851 2528 qui
869 2452 980 2511 didiae·

181 2546 232 2618 εἰη
252 2548 311 2606 nisi
326 2547 357 2605 in
377 2564 422 2617 eo,
437 2547 486 2622 qui
506 2565 542 2605 ex
562 2546 660 2604 animo
680 2559 792 2607 constet
811 2560 840 2608 et
860 2565 979 2622 corpore
991 2554 1024 2605 2⁰

182 2644 292 2703 caduco
305 2654 336 2702 et
350 2644 481 2715 inlirm03
502 2653 647 2719 postremo
656 2645 713 2703 nisi
723 2645 754 2703 in
765 2646 881 2704 homine
896 2655 979 2718 atque

182 2742 303 2799 mortali.
343 2739 471 2802 Quodsi
486 2741 516 2799 iu
530 2742 664 2799 omnibus
684 2742 729 2800 his
748 2745 834 2802 rebus
854 2741 978 2814 obsistis,

181 2838 247 2913 quid
261 2848 306 2896 est
320 2837 397 2913 quod
407 2848 436 2896 te
447 2832 536 2897 forma
546 2836 606 2897 uod
615 2841 790 2898 conturbati
832 2838 888 2896 His
902 2838 979 2897 enim

181 2936 325 3006 omnibus,
354 2953 418 3009 qua
451 2936 611 3013 proposui·
625 2937 777 3013 adjunctis,
805 2937 835 2994 in
862 2935 980 2994 homine

179 3035 321 3093 rationem
335 3052 398 3092 esse
410 3045 439 3092 et
451 3046 577 3093 mentem
590 3036 724 3094 videbas:
746 3035 850 3113 quibus
870 3033 981 3092 detrae-
991 3042 1023 3095 ὅ

180 3129 227 3203 tis,
241 3131 339 3189 Deum
350 3141 446 3190 tamen
459 3151 544 3191 nossa
557 3143 587 3191 te
599 3132 684 3204 diois,
698 3133 785 3212 modp
805 3130 981 3192 lineamenta

181 3236 321 3285 namt
357 3227 430 3290 Ηω
449 3240 495 3293 est
520 3248 582 3294 uon
609 3229 813 3306 considerare,
829 3227 886 3289 aad
909 3230 999 3303 uasis
