2409 3859
404 504 407 509 ,
493 471 591 519 menn
610 473 642 519 11.
662 472 697 520 n.
992 463 1031 524 ul

186 619 381 692 temerarium,
395 620 467 678 nihil
481 622 601 694 varium,
617 622 688 680 nihil
710 623 866 683 fortuitum.
907 622 991 681 Ordo

186 730 282 777 sutem
304 717 432 776 siderum
453 729 482 776 et
502 718 531 777 in
552 721 632 778 omni
653 722 813 779 eternitate
827 724 990 780 constantia

183 832 279 890 neque
292 825 425 873 naturam
439 815 583 892 significat
594 837 602 887 3
618 831 661 874 est
671 818 748 876 enim
759 819 844 894 plena
854 818 988 876 rationis:

182 930 278 987 neque
293 912 448 983 fortunam,
463 931 526 987 quae
541 915 636 971 amica
649 915 778 973 varietati
799 916 988 973 constantiam

183 1010 301 1085 respuit.
344 1009 482 1084 Sequitur
504 1029 582 1086 ergo,
606 1021 637 1068 ut
656 1012 718 1087 ipsa
738 1031 790 1070 sua
811 1023 921 1089 sponte,
936 1019 1018 1069 suo5

182 1124 269 1165 sensu
291 1125 327 1167 uc
348 1105 498 1164 divinitate
519 1120 694 1167 moveantur.
735 1109 802 1167 Nec
822 1128 889 1168 vero
910 1109 990 1166 Aris·

181 1204 285 1262 toteles
312 1222 372 1261 non
398 1203 558 1262 laudandus
586 1205 615 1262 in
644 1225 688 1279 eo,
711 1207 788 1282 quod
808 1207 988 1283 omniaque

182 1313 345 1373 moventur,
362 1313 411 1358 sut
424 1312 529 1359 natura
549 1303 656 1360 moveri
678 1305 801 1376 censuit,
817 1314 866 1362 aut
885 1305 924 1376 vi,
940 1314 989 1362 aut

182 1398 348 1457 voluntate:
378 1399 487 1457 moveri
515 1411 611 1457 autern
639 1401 738 1472 solem,
767 1413 798 1458 et
823 1402 932 1473 lunam,
960 1413 990 1459 et

180 1496 277 1555 sidera
291 1495 408 1553 omnia:
423 1515 486 1572 quae
502 1508 596 1555 autern
612 1509 715 1554 natura
725 1509 915 1569 moverentur,
926 1499 989 1556 haec
1002 1513 1033 1562 ιο

183 1603 231 1650 aut
257 1593 390 1670 pondere
417 1593 562 1662 deorsum,
592 1605 641 1650 aut
668 1594 782 1651 levitate
810 1595 840 1651 in
867 1593 990 1651 sublime

181 1689 264 1748 ferri:
288 1708 413 1766 quorum
432 1701 567 1748 neutrum
589 1691 673 1748 astris
694 1692 885 1767 contingeret,
906 1685 990 1767 prop-

181 1796 258 1845 terea
278 1787 359 1862 quod
386 1805 485 1845 eorum
514 1799 610 1845 motus
637 1787 666 1844 in
695 1788 793 1844 orbem
822 1787 990 1862 circumque

181 1883 311 1942 ferretur.
354 1883 420 1942 Nec
434 1903 501 1942 vero
514 1885 574 1942 dici
587 1895 691 1960 potest,
704 1884 731 1941 vi
747 1885 868 1960 quadam
885 1885 990 1962 majore

182 1980 251 2053 fieri,
274 1991 308 2038 ut
336 1992 437 2038 contra
457 1993 588 2040 naturam
612 1993 687 2038 astra
707 1992 895 2045 moveantur:
924 1993 1034 2059 quae15

180 2078 265 2157 enirn¹
278 2088 374 2154 potest
388 2078 477 2154 major
491 2073 576 2136 ess'ei
618 2079 722 2136 Restat
736 2079 833 2156 igitur,
849 2090 881 2137 ut
894 2093 989 2140 motus

182 2186 323 2233 astrorum
348 2175 385 2232 sit
404 2175 590 2233 voluntarius.
631 2175 709 2237 Qum
730 2177 779 2252 qui
800 2177 904 2250 videat,
929 2199 988 2237 non

181 2271 300 2331 indocte
314 2272 417 2343 solum,
432 2291 531 2330 rerum
546 2273 633 2330 etiam
648 2273 736 2349 impie
751 2274 848 2343 faciat,
864 2275 888 2332 si
910 2275 989 2334 Deos

179 2387 243 2428 esse
257 2381 355 2446 neget.
397 2369 464 2429 Nec
478 2389 547 2428 sane
562 2369 684 2428 muitum
699 2371 827 2443 interest,
842 2382 938 2429 utrum
959 2373 988 2430 id

181 2477 279 2544 neget,
302 2485 339 2524 an
366 2485 416 2525 eos
443 2468 522 2525 omni
542 2466 747 2541 procuratione
769 2479 854 2544 atque
876 2469 1032 2527 actionem

179 2565 291 2640 privet:
319 2564 390 2621 mihi
411 2565 498 2636 enim,
520 2564 570 2640 qui
591 2563 662 2620 nihil
690 2564 760 2640 agit,
782 2584 844 2624 esse
870 2566 989 2624 omnino

180 2678 240 2718 non
269 2661 390 2719 videtur.
433 2660 505 2719 Esse
534 2660 622 2737 igitur
643 2660 721 2719 Deos
743 2661 783 2720 ita
802 2656 988 2738 perspicuum

179 2769 234 2826 cst,
264 2767 305 2830 ut,
334 2757 363 2814 id
397 2758 446 2833 qui
479 2768 576 2835 neget,
605 2758 652 2815 vix
679 2777 745 2816 eum
772 2778 849 2816 sanae
883 2761 988 2819 mentis

179 2856 351 2914 existimem.

220 3051 321 3112 XVII.
349 3052 463 3125 Restat,
492 3062 533 3124 ut,
561 3053 654 3127 qualis
681 3071 780 3110 eorum
808 3063 911 3111 natura
938 3056 1031 3129 sinuo

182 3140 416 3210 consideremus:
439 3151 468 3208 in
483 3169 541 3226 quo
554 3150 627 3207 nihil
642 3159 685 3206 est
700 3148 856 3220 difficilius,
868 3169 954 3224 quam
970 3172 987 3212 a

179 3245 390 3308 consuetudine
416 3247 575 3310 oculorum
597 3246 697 3309 aciem
713 3243 829 3306 mentis
846 3245 1002 3304 munuera
