2409 3859
464 469 507 515 DE
526 468 661 516 NATURA
679 466 825 516 DEORUM.
843 475 845 479 '

241 619 317 679 suut
325 605 395 684 mur
406 620 521 680 aarum
531 621 649 678 domino
658 619 1043 699 glutinamentum

203 714 206 719 ’
242 700 467 777 non'irabuisse.
508 717 590 776 Nihil
615 719 693 776 enim
717 717 800 776 floret
823 736 859 775 ex
872 717 1043 790 Academia,

182 868 186 877 .
200 813 215 859 ἕ
241 815 313 875 nihil
326 832 413 876 naex
424 815 531 894 Lyceo,
540 816 658 874 nihilne
669 815 853 893 epuerilibus
863 816 980 891 quidem
989 816 1043 874 dis-

225 914 365 991 ciplinis.
399 912 594 973 Xenocratem
605 914 704 972 audire
712 912 823 991 potuit:
838 931 923 989 quem
940 913 1043 984 virum,

212 1010 282 1076 5Di
295 1012 487 1070 immortales!
508 1023 537 1070 et
550 1023 618 1070 sunt
638 1011 686 1089 qui
706 984 961 1102 putentji'idissez
983 1011 1043 1087 ipse

240 1128 299 1168 non
313 1109 392 1167 vult:
413 1109 501 1166 credo
514 1108 579 1186 plus
592 1107 711 1167 nemini.
753 1107 935 1184 Pamphilum
956 1127 1043 1184 quen·

241 1205 317 1278 dam,
331 1205 460 1264 Platonis
474 1206 644 1278 auditorem,
659 1205 698 1263 ait
712 1224 730 1263 a
742 1224 773 1263 se
794 1205 875 1263 Sami
896 1205 1042 1264 auditum:

240 1303 281 1361 ibi
295 1302 371 1361 enim
387 1303 555 1362 adolescens
569 1303 715 1361 habitabat
729 1321 796 1360 cum
809 1312 890 1379 patre
903 1313 932 1361 et
953 1302 1043 1361 fratri-

241 1401 304 1473 bns,
325 1401 408 1476 quod'
431 1401 460 1458 in
487 1419 550 1459 eam
571 1411 652 1478 pater
679 1400 742 1477 ejus
761 1398 889 1458 Neocles
916 1400 1043 1477 agripeta

196 1507 227 1558 10
241 1508 365 1579 venerat,
405 1498 475 1570 Sed,
489 1516 556 1556 cum
571 1498 681 1576 agellus
693 1516 760 1556 eum
774 1516 833 1556 non
854 1497 923 1556 satis
944 1497 1042 1571 aleret,

117 1600 178 1679 73.
240 1605 272 1653 ut
285 1595 397 1672 opinor,
411 1595 471 1654 ludi
487 1595 622 1674 magister
636 1595 696 1654 fuit
738 1595 798 1654 Sed
818 1594 897 1653 hunc
918 1595 1043 1655 Platoni·

240 1712 307 1752 cum
320 1692 443 1752 mirilico
455 1693 617 1752 contemnit
636 1693 781 1796 Epicnpus
790 1712 810 1777 ²:
819 1693 860 1751 ita
878 1693 991 1767 metuit,
1005 1712 1043 1753 ne

154 1780 158 1788 ’
239 1792 308 1868 qnid
322 1810 448 1868 unquam
462 1790 599 1867 didicisse
618 1791 756 1849 videatur.
786 1772 834 1875 ,ln
846 1764 1043 1868 'lliusiplrane

238 1887 425 1948 Democriteo
441 1899 574 1947 tenetur:
594 1906 680 1965 quem
701 1906 768 1946 cum
789 1907 806 1946 a
825 1906 857 1947 se
877 1906 936 1946 non
955 1898 1043 1967 negat

195 2000 226 2052 15
240 1985 380 2059 auditum,
394 1990 477 2044 vexat
490 1996 587 2043 tamen
600 1985 737 2043 omnibus
756 1985 948 2046 contumeliis.
990 1986 1043 2044 At·

238 2083 327 2159 quisi
342 2084 404 2141 haec
418 2082 605 2157 Democritea
625 2101 683 2141 non
705 2083 841 2155 audisset,
855 2082 924 2159 quid
946 2083 1043 2141 audie·

238 2181 302 2239 ratl
323 2180 391 2256 quid
406 2181 484 2238 enim
499 2179 529 2238 in
542 2179 670 2257 physicis
684 2179 805 2257 Epicuri
818 2198 877 2238 non
899 2198 916 2237 a
935 2177 1043 2239 Demo·

121 2274 131 2295 “
238 2278 331 2337 critol
357 2297 424 2336 nam
451 2277 505 2336 etsi
532 2278 664 2353 quedam
685 2277 880 2350 commutavit,
901 2288 943 2349 nt,
965 2277 1042 2354 quod

237 2376 325 2454 paulo
339 2386 406 2434 ante
419 2375 456 2434 de
470 2375 658 2434 inclinatione
673 2386 833 2434 atomorum
847 2375 923 2444 dixi3
945 2386 1042 2434 tamen

194 2475 373 2554 sopieraque
393 2473 465 2543 dicit
484 2474 603 2545 eadem3
633 2482 753 2545 atomos,
774 2471 870 2543 mana,
891 2471 1042 2549 imagines,

161 2557 164 2562 ⁵
239 2574 408 2632 intinitatem
428 2573 570 2646 locorum,
591 2570 940 2645 innumerabilitatemque
961 2588 1042 2629 mun·

239 2672 350 2742 dorum,
366 2680 569 2741 commortua,
584 2668 726 2740 interitus,
741 2667 922 2736 omniafere,
937 2669 1042 2744 quibus

138 2774 184 2853 'l¹·l
238 2768 439 2845 ssatulmllli.
455 2767 629 2826 continetur.
670 2764 761 2824 Nunc
781 2765 857 2824 istud
878 2766 959 2841 quasi
979 2784 1042 2823 cor-

238 2886 302 2945 pus,
317 2876 346 2925 et
360 2865 442 2942 quasi
455 2865 635 2944 sanguinem,
645 2862 714 2940 quid
725 2863 772 2936 sit,
781 2862 937 2941 intelligisl
977 2862 1042 2941 Ego

195 2977 227 3027 ao
240 2964 317 3024 enim
338 2976 366 3023 te
386 2964 462 3022 scire
482 2963 538 3022 ista
558 2962 670 3034 melius,
692 2980 777 3038 quam
798 2978 854 3030 ma,
869 2977 927 3017 non
949 2958 1041 3018 fateor

184 3067 186 3071 ’
239 3062 342 3136 solum,
370 3062 419 3129 sed
447 3060 533 3120 etiam
561 3060 646 3119 facile
671 3058 773 3137 patior.
815 3056 890 3115 Cum
924 3056 1041 3132 quidem

217 3208 220 3215 ,
231 3160 328 3219 semel
336 3154 419 3245 Qu
433 3168 511 3233 sunt,
520 3155 591 3236 quid
600 3166 645 3217 est
655 3156 732 3235 quod
740 3154 870 3215 Velleius
880 3153 1042 3234 intelligere

214 3262 328 3332 possit,
345 3252 442 3320 Cotta
455 3278 518 3320 non
530 3254 645 3339 possiti
680 3251 1043 3331 'itanuccorpasuim-ss
