2409 3859
487 472 584 521 suun
605 474 634 522 u.
654 471 690 522 no.
992 463 1032 523 95

179 629 294 703 quitur:
318 625 405 702 cujus
425 625 625 684 tenuissimum
645 627 743 684 lumen
758 626 826 684 lacit
839 626 986 702 proximus

181 744 314 784 accessus
337 723 373 781 ad
396 723 496 795 solem,
517 725 663 802 digressus
684 735 779 782 autem
799 724 986 801 longissimus

180 823 300 898 quisque
315 820 523 897 plenissimum.
565 821 670 897 Neque
684 822 777 880 solum
791 822 853 898 ejus
874 821 985 898 species

181 937 212 977 ao
225 919 321 977 forma
335 927 464 975 mutatur
478 928 538 977 turn
559 920 727 991 crescendo,
742 930 804 977 turn
824 918 985 977 defectibus

180 1015 315 1073 ininitia
335 1015 522 1085 recurrendo,
543 1015 595 1074 sed
621 1016 707 1073 etiam
727 1016 817 1093 regio,
839 1035 902 1091 quae
923 1026 1013 1077 tum5

180 1122 220 1170 est
248 1111 408 1188 aquilenta,
435 1121 494 1168 tum
524 1112 664 1170 australis.
705 1112 740 1170 In
766 1113 843 1170 lunae
870 1131 984 1188 quoque

180 1227 265 1267 oursu
280 1219 326 1267 est
340 1218 371 1266 et
384 1209 493 1267 brumae
507 1209 637 1284 quaedam
647 1219 676 1267 et
684 1209 797 1267 solstitii
809 1210 982 1267 similitudo:
1036 1270 1041 1282 ¹

180 1309 328 1383 multaque
343 1305 380 1363 ab
394 1323 428 1363 ea
446 1317 565 1364 manant
585 1318 615 1365 et
635 1307 737 1379 fluunt,
752 1309 856 1383 quibus
876 1319 905 1365 et
926 1308 984 1365 ani-

180 1415 291 1461 mantes
307 1402 420 1459 alantur
436 1414 664 1479 augescantque3
686 1414 715 1461 et
724 1405 883 1480 pubescant
894 1416 984 1461 matu-

179 1499 355 1573 ritatemque
371 1501 566 1574 assequantur,
582 1519 646 1575 quae
660 1501 791 1558 oriuntur
805 1520 821 1558 e
836 1513 920 1559 terra.
997 1509 1028 1558 10

216 1693 289 1752 XX.
326 1691 455 1751 Maxime
482 1713 550 1753 vero
577 1706 645 1754 sunt
680 1696 862 1753 admirabiles
889 1706 984 1752 motus

179 1808 278 1848 earum
314 1790 443 1865 quinque
469 1792 626 1861 stellarum,
654 1812 718 1867 quae
746 1791 818 1856 salso
845 1803 984 1849 vocantur

179 1898 310 1946 errantes
322 1896 341 1944 :⁶
351 1887 423 1944 nihil
439 1888 516 1946 euim
530 1901 615 1959 errat,
630 1889 708 1965 quod
723 1890 752 1946 iu
773 1889 851 1946 omni
873 1890 984 1947 aeterni·

179 1995 237 2044 tate
251 1997 405 2044 conservat
418 2005 585 2064 progressus
599 1997 628 2044 et
642 2006 789 2064 regressus
803 1987 984 2064 reliquosque

179 2092 276 2140 motus
290 2091 456 2140 constantes
470 2094 498 2140 et
512 2095 597 2141 ratos.
639 2084 729 2145 Quod
743 2103 779 2142 eo
799 2095 842 2141 est
864 2085 984 2142 admira·
998 2093 1027 2141 15

180 2179 267 2237 bilius
282 2179 313 2236 iu
327 2178 372 2235 his
386 2179 484 2248 stellis,
500 2200 570 2255 quas
585 2181 719 2254 dicimus,
734 2182 802 2258 quia
816 2194 877 2240 tum
888 2183 985 2241 oooul·

179 2285 287 2347 tantur,
302 2285 364 2332 tum
385 2294 483 2333 rursus
505 2278 681 2353 aperiuntur,
703 2287 765 2336 tum
793 2278 907 2351 adeunt,
923 2289 983 2336 tum

180 2373 331 2443 recedunt,
342 2382 403 2429 tum
416 2375 600 2443 antecedunt,
617 2386 678 2434 tum
697 2388 792 2434 autem
807 2377 985 2450 subsequun-

179 2478 235 2542 tur,
257 2478 322 2526 tum
338 2468 460 2526 celerius
472 2481 632 2538 moventur,
644 2484 705 2529 tum
720 2472 839 2543 tardius,
854 2483 915 2530 tum
926 2491 985 2528 om·

180 2569 251 2624 nino
270 2585 309 2623 ne
330 2578 480 2623 movemur
495 2567 623 2642 quidem,
637 2568 688 2625 sed
704 2569 738 2625 ad
752 2571 895 2644 quoddam
915 2580 985 2625 tem·
996 2575 1028 2624 20

179 2682 233 2739 pus
248 2664 392 2722 insistunt.
433 2664 569 2725 Quarum
583 2683 619 2722 ex
633 2665 794 2743 disparibus
809 2667 985 2725 motionibus

180 2780 318 2838 magnum
340 2780 446 2818 anuum
474 2763 669 2821 mathematici
690 2765 919 2835 nominaverunt,
935 2763 985 2839 qui

182 2868 240 2915 tum
256 2858 390 2928 efficitur,
401 2876 467 2915 num
482 2859 550 2916 solis
570 2870 599 2916 et
613 2860 689 2919 lunas
703 2873 732 2918 et
745 2862 872 2937 quinque
890 2880 985 2918 errau-

181 2955 253 3013 tium
268 2955 304 3013 ad
319 2956 440 3012 eandem
456 2955 529 3013 inter
543 2974 574 3014 se
589 2953 832 3033 comparationem
844 2957 984 3014 conlectis

182 3053 311 3110 omnium
334 3053 433 3127 spatiis
454 3064 496 3110 est
518 3053 594 3110 laeta
608 3056 765 3113 conversio.
806 3055 884 3116 Qun
898 3061 1028 3129 quam25

183 3148 270 3226 longa
283 3151 330 3220 sit,
346 3168 450 3226 magna
470 3150 582 3225 questio
595 3161 657 3208 est:
679 3170 820 3209 assevero
834 3162 942 3208 certam
956 3162 985 3210 et

183 3246 328 3303 delinitam
360 3265 484 3309 necesse
510 3258 565 3310 est.
606 3247 692 3310 Nam
725 3269 765 3310 ea
790 3267 859 3327 qum
879 3245 1014 3306 Satuxxix
