2409 3859
468 454 566 503 unns
585 455 617 502 11.
636 455 672 503 aa.
968 441 1009 502 99

164 604 281 681 πρόνοιά
293 605 416 686 dicitur)
427 605 489 664 brec
501 605 682 683 potissimum
692 605 831 682 providet,
840 614 868 663 et
879 603 910 661 in
920 601 965 658 his

165 703 291 762 maxime
310 712 355 761 est
368 713 518 779 occupata,
538 703 663 780 primum
683 713 716 760 ut
736 702 859 760 mundus
879 719 964 777 quam

167 800 331 877 aptissimus
345 800 383 858 sit
398 800 433 857 ad
445 800 688 877 permanendum;
710 799 814 857 deinde
835 809 867 856 ut
886 799 965 856 nulla

166 917 196 957 re
210 908 310 976 egeat:
333 897 456 956 maxime
470 908 565 957 autem
580 907 611 955 ut
630 897 660 957 in
674 916 710 956 eo
723 896 829 955 eximia
840 895 965 973 pulchri·

165 996 235 1054 tudo
249 996 288 1054 sit
302 994 494 1071 atque-omnis
507 1004 634 1054 ornatus.
976 1004 993 1052 5

170 1268 173 1273 Ι
204 1189 323 1248 ΧΧΙΙΙ.
337 1188 471 1246 Dictum
491 1199 534 1247 est
555 1188 591 1247 de
612 1188 744 1247 universo
763 1189 885 1247 mundo:
906 1188 967 1245 dio-

166 1297 227 1345 tum
241 1287 329 1346 etiam
344 1296 387 1344 est
401 1285 437 1344 de
452 1286 611 1344 sideribus:
633 1297 664 1344 ut
681 1287 739 1364 jam
760 1287 965 1365 propemodum

167 1395 301 1463 appareat
315 1383 468 1441 multitudo
487 1402 543 1441 nec
564 1385 737 1442 cessantium
757 1384 895 1458 Deorum,
910 1405 965 1444 nec

166 1501 210 1555 ea,
225 1501 290 1559 quae
307 1489 402 1558 agant,
412 1480 590 1538 molientium
606 1500 672 1538 cum
685 1481 783 1540 labore
798 1500 918 1559 operoso
932 1502 966 1540 ac

167 1580 297 1638 molesto.
339 1577 409 1635 Non
430 1578 507 1636 enim
527 1579 608 1635 venis
628 1588 657 1635 et
676 1578 771 1636 nervis
797 1589 826 1636 et
854 1579 967 1636 ossibus
979 1591 1010 1640 1⁰

167 1677 364 1746 continentur,
378 1693 434 1732 nec
448 1674 493 1732 his
506 1674 581 1732 escis
595 1685 645 1732 aut
663 1675 828 1750 potionibus
848 1694 967 1733 vescun·
1003 1736 1005 1743 ,

167 1782 224 1841 tur,
236 1784 269 1830 ut
283 1782 332 1829 aut
346 1771 431 1829 nimis
446 1789 527 1830 acres
542 1781 589 1829 aut
602 1770 689 1828 nimis
703 1782 854 1829 concretos
868 1771 967 1829 humo·

168 1887 214 1929 res
241 1869 393 1946 colligant:
421 1887 477 1926 nec
503 1868 547 1925 his
574 1867 743 1944 corporibus
770 1878 846 1941 sunt,
869 1880 898 1926 ut
920 1879 968 1928 aut

168 1985 253 2025 casus
269 1978 317 2023 aut
331 1967 406 2023 ictus
420 1966 619 2037 extimescant,
635 1975 683 2023 aut
703 1965 818 2023 morbos
839 1977 968 2026 metuant

167 2082 204 2122 cx
216 2063 422 2140 defatigatione
441 2063 643 2121 membrorum.
683 2062 760 2126 Qum
782 2082 881 2122 verens
902 2064 1012 2142 Epi-15

169 2178 267 2232 curus,
282 2178 515 2237 monogrammos
528 2159 616 2232 Deos,
631 2171 660 2218 et
673 2161 745 2219 nihil
761 2172 877 2239 agentes
891 2182 969 2220 com·

169 2268 283 2315 mentus
296 2267 347 2315 est.
389 2254 436 2314 Illi
451 2267 545 2314 autem
557 2256 751 2333 pulcherrima
765 2258 855 2316 forma
867 2259 969 2334 praedi-

169 2353 201 2426 ti,
229 2353 438 2431 purissimaque
465 2353 495 2410 in
521 2353 640 2429 regione
668 2353 731 2411 caeli
758 2354 901 2426 collocati,
929 2355 969 2413 ita

169 2447 311 2518 seruntur,
339 2426 579 2522 moderaiturque
613 2466 723 2518 cursus,
751 2460 783 2506 ut
811 2450 844 2506 ad
872 2449 969 2506 omnia

170 2545 377 2623 conservanda·
401 2554 430 2602 ct
463 2543 570 2601 tuenda
604 2545 783 2604 consensisse
809 2546 967 2604 videantur.
980 2562 1013 2612 20

170 2641 272 2701 Multae
300 2652 395 2701 autem
424 2641 486 2699 aliae
512 2650 621 2698 naturae
648 2640 775 2699 Deorum
803 2661 838 2700 ex
858 2643 970 2718 magnis

170 2740 320 2799 beneficiis
348 2758 447 2796 eorum
475 2758 534 2796 non
562 2739 624 2796 sine
644 2757 742 2810 causa,
763 2750 792 2797 et
813 2758 829 2795 a
848 2739 969 2797 Graeeiae

170 2836 389 2914 sapientissimis
416 2847 445 2894 et
472 2856 489 2893 a
507 2835 663 2922 majoribus
683 2837 787 2894 nostris
807 2835 970 2895 constitutae

170 2935 384 3008 nominataeque
411 2942 484 2991 sunt.
539 2932 692 3009 Quidquid
726 2933 803 2991 enim
836 2952 969 3010 magnam

171 3032 323 3090 utilitatem
350 3029 449 3107 generi
477 3030 589 3087 afferret
616 3029 751 3100 humano,
773 3029 802 3086 id
829 3047 887 3086 non
908 3030 1015 3091 sine25

170 3130 268 3188 divina
282 3129 411 3186 bonitate
431 3147 500 3205 erga
519 3127 650 3186 homines
670 3127 732 3211 beri
753 3127 967 3188 arbitrabantur.

172 3225 273 3303 Itaque
287 3236 347 3284 tum
361 3225 442 3300 iliud,
457 3225 536 3305 quod
550 3235 615 3288 erat
627 3224 727 3287 uDeo
737 3225 992 3297 maturrimum
