2409 3859
250 458 291 521 ⁶⁰
372 478 375 484 ·
517 470 560 517 os
579 471 713 519 urruns
731 471 877 519 nncsurr.

296 622 472 698 temporibus
492 622 591 680 eadem
620 622 712 700 spatia
738 622 905 681 conficiunt
948 622 1101 701 Numquid

296 718 362 791 tale,
378 718 514 795 Epicure,
529 719 650 777 vidistit
692 718 740 778 Ne
753 719 790 778 sit
803 720 891 798 igitur
903 721 958 793 col,
968 740 1011 781 ne
1024 722 1101 796 luna,

296 834 333 875 ne
353 818 459 876 stellae:
488 817 624 893 quoniam
644 818 716 875 nihil
736 836 800 876 esse
818 828 923 895 potest,
944 818 1005 877 nisi
1026 820 1102 897 quod

297 914 442 991 attigimus
470 917 518 972 aut
545 915 677 973 vidimus.
725 914 832 976 Quidl
879 914 978 974 Deum
1007 916 1101 993 ipsum

266 1025 282 1073 5
295 1030 403 1070 numne
417 1010 534 1093 vidistit
555 1030 608 1082 cur
619 1011 811 1089 igiturcredis
820 1012 905 1070 esse?
946 1010 1103 1071 Tollamus

295 1126 365 1186 ergo
378 1108 484 1195 omnia,
496 1126 559 1183 quae
574 1124 623 1168 aut
637 1080 757 1182 hisloria
769 1108 863 1180 nobis,
876 1119 924 1166 aut
937 1110 1017 1167 ratic
1029 1128 1105 1175 nora

296 1206 384 1263 affert.
426 1205 596 1278 Ita'sit',²?ut
614 1206 815 1271 mediterranei
844 1225 922 1265 mare
950 1226 1017 1267 esse
1043 1226 1103 1266 non

296 1294 423 1360 credant.
464 1303 723 1365 Quaesunttantae
734 1303 832 1373 [animi
855 1304 1005 1381 angustiae,
1022 1314 1064 1378 ut,
1078 1304 1104 1365 si

296 1399 411 1475 Seriphi
426 1411 509 1458 natus
523 1418 681 1478 essessnec
702 1394 827 1475 un'quam
849 1386 981 1478 egressus
1003 1420 1042 1459 ex
1061 1399 1105 1461 in·

251 1508 282 1558 10
295 1497 358 1555 sula
372 1497 401 1555 in
415 1517 473 1574 qua
482 1485 645 1574 lepusculos
655 1497 876 1577 vulpeculasque
886 1516 962 1574 saepe
970 1498 1104 1575 vidisses,

295 1613 354 1652 non
375 1585 507 1654 crederes¹
527 1596 626 1654 leones
646 1606 675 1666 et
695 1582 848 1673 pantheras
868 1606 942 1667 esse,
956 1614 1027 1653 cum
1048 1594 1103 1655 tibi

295 1693 394 1769 quales
407 1704 502 1752 essent
515 1694 677 1751 diceretur:
699 1693 723 1751 si
737 1711 806 1750 vero
820 1693 856 1751 de
869 1692 1026 1770 elephanto
1038 1692 1105 1770 quis

296 1790 415 1863 diceret,
430 1791 517 1850 etiam
530 1791 619 1850 rideri
632 1801 661 1849 te
674 1801 797 1867 putares.
954 1800 958 1805 “

195 1976 237 2045 il
336 1985 467 2042 XXXII.
503 1986 541 2043 Et
568 1997 599 2042 tu
627 1986 753 2061 quidem,
781 1985 885 2065 Vellei,
914 2004 972 2042 non
994 1997 1103 2045 ¹vestro

252 2096 283 2146 15
297 2100 385 2152 more,
398 2083 447 2139 sed
459 2082 677 2166 dialecticorum
690 2083 767 2159 (quae
779 2082 908 2140 funditus
922 2101 992 2158 gens
1006 2062 1105 2143 vestri

296 2198 354 2237 non
388 2180 480 2258 novit)
517 2181 677 2256 argumenti
712 2162 884 2237 senteutiam
920 2162 1101 2239 conclusisti.

296 2277 401 2336 Beatos
422 2296 485 2335 esse
505 2277 583 2334 Deos
604 2278 738 2335 sumsisti.
781 2277 985 2334 Concedimus.
1029 2278 1103 2337 Bett-

296 2385 355 2433 tum
373 2387 467 2433 autem
481 2376 543 2433 sine
557 2376 661 2432 virtute
682 2375 826 2439 neminem
848 2393 909 2432 esse
929 2393 1023 2450 posse.
1065 2375 1102 2435 Id

296 2493 410 2549 quoque
437 2474 547 2542 damus,
575 2484 604 2531 et
631 2473 753 2530 libenter
786 2472 910 2547 quidem.
953 2472 1101 2533 Virtutem

252 2584 283 2634 20
298 2573 468 2636 autemsine
489 2573 600 2629 ratione
622 2583 753 2629 constare
773 2590 831 2627 non
853 2588 943 2645 posse.
987 2571 1102 2630 Conve-

296 2671 356 2726 niat
371 2669 398 2724 id
413 2687 526 2744 quoque
540 2687 659 2725 necesse
680 2678 730 2725 est.
773 2666 926 2744 Adiungis,
938 2685 994 2724 nec
1014 2669 1102 2736 ratio·

296 2788 361 2825 nem
376 2786 448 2838 esse,
463 2766 518 2823 nisi
534 2767 566 2822 in·
578 2766 701 2822 hominis
715 2765 814 2841 figura.
855 2765 953 2826 Quem
969 2765 1020 2822 tibi
1044 2767 1101 2825 hoc

296 2864 426 2922 daturum
442 2865 543 2940 putasl
558 2863 581 2920 si
596 2862 672 2920 enim
688 2863 727 2920 ita
742 2873 824 2933 esset,
835 2863 904 2939 quid
915 2882 988 2938 opus
998 2874 1105 2940 eruite

295 2963 434 3039 gradatim
451 2963 525 3019 istuc
546 2963 714 3038 pervenirel
738 2958 936 3038 [quid'autem
958 2972 1001 3018 est
1022 2955 1099 3020 isluc

250 3048 476 3141 2'5gradatiml]
506 3059 655 3116 sumsisses
676 3070 725 3116 tuo
749 3060 820 3134 jure.
863 3059 939 3116 Nam
968 3060 1099 3118 abeatis

296 3157 331 3213 ad
344 3157 486 3229 virtutem,
501 3177 516 3215 a
530 3158 635 3215 virtute
647 3158 681 3214 ad
692 3158 832 3214 rationem
844 3158 928 3214 video
943 3166 971 3214 te
985 3158 1099 3216 venisse

245 3258 247 3262 '
278 3255 444 3337 gradibus:
475 3258 629 3319 aratione
651 3255 688 3316 ad
711 3256 875 3313 numanam
898 3253 1025 3326 liguram
1046 3274 1105 3324 quc
