2409 3859
184 439 226 502 8⁰
452 454 495 500 nn
513 455 648 502 uiuunt
666 453 812 501 nannum.

231 602 274 662 sic
282 604 420 662 orationis
428 604 546 663 flumine
556 604 770 681 reprehensoris
781 604 1032 667 conviciadilunn·

130 697 133 703 ’
230 710 293 773 tur3
316 703 448 780 angustia
462 713 556 760 autern
571 701 715 759 conclusa
729 701 868 760 orationis
878 722 937 761 non
949 703 1032 763 facile

231 800 344 874 seipsa
372 809 489 856 tutatur.
531 799 606 856 Haec
634 798 722 870 enim,
743 817 807 874 quae
834 799 990 857 dilatantur
1016 818 1032 857 a

229 889 325 967 nobis,
342 896 427 954 Zeno
441 897 483 954 sic
496 897 663 973 premebat:

199 1112 217 1162 5
269 1091 351 1149 VIII.
381 1091 502 1153 “Quod
528 1091 641 1148 ratione
667 1090 767 1162 utitur,
791 1090 821 1148 id
849 1091 954 1150 melius
980 1101 1031 1164 est,

230 1207 315 1262 qnam
335 1187 375 1258 id,
396 1189 472 1263 quod
492 1186 604 1246 ratione
624 1207 683 1244 non
710 1188 816 1245 utitur:
844 1188 915 1246 nihil
939 1200 1032 1246 autem

229 1285 338 1341 mundo
365 1285 483 1342 melius:
511 1285 623 1342 ratione
650 1285 737 1361 igitur
763 1285 887 1342 mundus
915 1286 1030 1343 utitur.''

230 1380 369 1437 Similiter
390 1381 465 1438 effici
485 1391 589 1457 potest,
611 1382 770 1457 sapientem
791 1400 854 1440 esse
876 1383 1031 1440 mundum:

229 1478 369 1550 similiter,
404 1479 535 1535 beatum:
571 1479 713 1547 similiter,
743 1491 899 1537 aeternum:
934 1479 1032 1539 omnia

184 1582 215 1632 10
229 1576 308 1632 enim
329 1576 391 1633 haec
411 1577 531 1635 meliora
550 1587 627 1648 sunt,
642 1595 728 1651 qnam
750 1595 793 1648 ea,
815 1595 880 1651 quae
900 1586 969 1634 sunt
989 1575 1033 1635 his

229 1674 374 1731 carentia:
396 1693 452 1732 nec
472 1674 581 1732 mundo
601 1674 757 1749 quidquam
778 1673 898 1731 melius:
920 1692 956 1731 ex
976 1691 1033 1750 qno

228 1771 360 1844 efficitur,
388 1790 451 1828 esse
478 1772 618 1828 mundum
645 1770 749 1828 Deum.
804 1770 943 1845 Idemque
976 1771 1033 1829 hoc

227 1868 330 1926 modo:
347 1868 495 1926 “Nullius
508 1887 593 1926 sensu
609 1868 734 1926 carentis
747 1886 813 1943 pars
828 1868 924 1943 aliqua
936 1877 1032 1944 potest

228 1982 290 2020 esse
318 1965 460 2022 sentiens:
495 1964 596 2021 mundi
625 1973 720 2020 autem
753 1975 849 2040 partes
875 1965 1033 2025 sentientes

183 2070 215 2120 15
227 2071 311 2116 sunt:
339 2079 398 2117 non
420 2060 507 2137 igitur
527 2069 608 2117 caret
627 2078 713 2117 sensu
734 2061 887 2118 mundns.''
910 2111 912 2115 .
930 2061 1033 2139 Pergit

230 2156 306 2214 idem
328 2167 357 2214 et
384 2167 467 2234 urget
489 2156 655 2234 angustius:
685 2166 705 2194 ‘⁶
715 2155 808 2228 Nihil,
830 2157 933 2234 inquit,
954 2158 1033 2234 quod

228 2253 316 2311 animi
331 2252 464 2328 quodque
478 2252 597 2311 rationis
611 2263 655 2311 est
669 2271 779 2329 expers,
795 2254 825 2311 id
844 2273 984 2331 generare
997 2274 1033 2313 ex

227 2371 258 2408 se
272 2360 365 2427 potest
380 2351 553 2409 animantem
565 2360 784 2427 compotemque
793 2351 928 2409 rationis:
950 2371 1033 2411 mun·

228 2449 282 2506 dns
309 2458 404 2505 autem
431 2458 549 2526 generat
576 2448 736 2506 animantes
764 2458 969 2524 compotesque
989 2469 1033 2508 ra·

182 2548 332 2608 20tionis:
362 2546 491 2605 animans
518 2557 562 2605 est
589 2547 676 2624 igitur
702 2547 827 2604 mundus
854 2566 1032 2624 composque

227 2643 374 2702 rationis.''
416 2640 554 2720 Idemque
574 2644 772 2716 similitudine,
793 2654 824 2702 ut
844 2663 920 2720 sape
947 2645 1030 2718 solet,

226 2742 365 2800 rationem
380 2741 523 2799 conclusit
534 2743 589 2799 hoc
600 2741 703 2798 modo:
718 2741 779 2799 “Si
794 2760 830 2799 ex
842 2741 917 2799 oliva
932 2742 1031 2801 modu·

226 2838 284 2896 late
304 2848 440 2897 canentes
460 2837 537 2896 tibiae
558 2849 754 2910 nascerentur,
775 2857 845 2896 num
873 2838 1029 2912 dubitares,

226 2935 296 3010 quin
318 2936 424 2994 inesset
445 2935 474 2993 in
495 2936 571 2994 oliva
590 2936 714 2994 tibicinii
736 2936 865 3012 quaedam
886 2936 1029 2995 sciential

182 3039 214 3088 25
226 3032 309 3094 Quid
323 3033 347 3090 si
361 3033 469 3108 platani
483 3033 615 3091 fidiculas
635 3033 742 3091 ferrent
761 3051 913 3090 numerose
927 3053 1029 3092 sonan·

226 3129 292 3186 test
331 3129 412 3188 Idem
439 3130 551 3188 scilicet
574 3148 707 3188 censeres
734 3130 764 3187 in
790 3129 913 3206 platanis
934 3130 1028 3189 inesse

214 3225 373 3287 musIcrm.
417 3226 481 3288 Cur
495 3227 583 3309 igitur
595 3227 724 3289 mundns
733 3245 796 3285 non
806 3225 937 3284 animans
955 3225 1028 3302 sapi·
