2409 3859
552 455 647 503 unns
665 457 685 503 r.
705 458 739 504 rs.
1049 446 1090 505 23

241 607 312 667 Nam
326 609 365 666 dc
379 605 515 666 Platonis
529 605 722 665 inconstantis
735 607 851 685 longum
864 619 910 666 est
929 608 1041 677 dicere3
1095 604 1098 656 ξ

241 707 286 780 qui
319 707 351 763 in
380 704 501 762 Timaeo
527 711 653 778 putrem
663 704 747 780 hujus
773 706 873 763 mundi
899 703 1043 770 nominari

190 815 323 878 neget
343 819 451 878 posse·
480 798 513 855 in
542 797 652 876 Legum
680 809 774 857 sutem
800 801 891 872 libris,
912 801 980 875 quid
1007 801 1045 858 sit

242 898 358 956 omnino
392 897 487 964 Deus,
517 888 637 971 anquiri
662 908 794 972 oportere
826 916 885 955 non
919 908 1043 956 censent

242 995 329 1058 Quod
342 1014 413 1053 vero
433 995 498 1054 sine
520 1012 640 1071 corpore
660 996 720 1053 ullo
738 996 832 1054 Deum
853 997 913 1054 vult
928 1015 1000 1068 esse,
1014 1005 1075 1055 ut5

242 1092 334 1151 Greci
347 1092 453 1150 dicunt
466 1093 632 1160 ἀσώματοη
647 1092 676 1161 id
690 1092 772 1169 qunle
783 1112 845 1152 esse
855 1093 954 1169 possit,
967 1093 1047 1151 intel·

176 1208 180 1217 ·
242 1187 290 1266 ligi
309 1207 371 1247 non
390 1199 505 1264 potest:
534 1198 630 1246 carent
649 1178 727 1246 enim
746 1209 830 1247 sensu
852 1209 971 1248 necesse
991 1199 1044 1262 est,

243 1299 335 1345 careat
361 1287 451 1345 etiam
478 1286 641 1363 prudentia,
670 1298 766 1345 careat
791 1289 952 1364 voluptate:
981 1308 1045 1364 quae

176 1412 179 1417 ·
243 1384 336 1441 omnin
355 1381 416 1441 unii
443 1401 513 1440 cum
536 1381 666 1441 Deorum
689 1384 807 1442 notione
830 1385 1046 1460 comprehendi-

243 1499 310 1538 mus.
351 1479 436 1538 Idem
457 1478 538 1536 etin
558 1472 676 1537 Timaeti
685 1481 765 1551 dicit,
780 1492 809 1539 et
822 1481 852 1538 in
867 1481 1003 1558 Legibus,
1018 1495 1046 1538 et
1060 1489 1090 1538 lt

243 1576 378 1633 mundum
392 1575 493 1644 Deum
507 1591 580 1645 esse,
590 1585 619 1632 et
632 1576 744 1648 caelum,
753 1587 782 1634 et
796 1589 879 1648 astru,
889 1589 918 1634 et
931 1589 1045 1648 terram,

243 1683 271 1729 et
284 1673 405 1744 animos,
420 1683 451 1730 et
472 1689 533 1741 eos,
545 1690 616 1746 quos
629 1673 768 1749 majorum
783 1673 921 1731 institutis
936 1673 1047 1747 accepi·

244 1788 321 1827 mus:
342 1788 408 1844 qun
422 1780 453 1827 et
465 1786 519 1844 per
532 1786 564 1826 se
577 1778 643 1851 sunt
653 1769 728 1826 'falsa
747 1769 908 1844 perspicus,
924 1779 952 1826 et
969 1769 1047 1827 inter

242 1866 704 1942 seserehementerrepugnsntis.
746 1868 842 1940 Atque
852 1866 938 1923 etiam
949 1867 1047 1924 cho-
1096 1875 1098 1881 ’

241 1962 525 2038 phon,paucioribus
538 1963 745 2047 verbisseadem
760 1964 818 2021 sere
837 1974 956 2039 peccat:
978 1965 1047 2022 facit
1061 1975 1091 2023 15

241 2059 361 2117 enimin
376 2059 423 2130 iis,
439 2076 504 2132 quae
519 2075 535 2114 n
549 2057 669 2115 Socrate
683 2059 762 2116 dicta
775 2060 881 2132 retulit,
897 2062 1046 2119 Socratem

242 2155 447 2232 disputantem,
470 2153 591 2211 sormam
612 2155 667 2212 Dei
697 2156 785 2229 quaeri
811 2176 870 2213 non
897 2158 1045 2233 oportere:

242 2252 426 2357 eundemque
440 2260 470 2307 et
485 2249 583 2321 solem,
596 2260 625 2308 et
639 2251 766 2309 animum
779 2252 873 2310 Deum
886 2254 1000 2312 dicere.
1018 2265 1047 2312 et

235 2322 291 2407 iii¹
304 2369 325 2407 o
344 2367 449 2418 unum,
463 2357 525 2404 tum
547 2358 641 2405 eutem
661 2349 759 2423 plures
779 2349 874 2407 Deos.
896 2370 960 2427 quae
981 2361 1048 2408 sunt

241 2444 362 2503 iisdem
355 2464 386 2501 rn
401 2441 506 2501 erratis
520 2442 588 2513 fere,
603 2444 707 2519 quibus
727 2463 761 2501 eu
764 2464 849 2519 ,quae
870 2446 905 2505 de
926 2447 1046 2504 Plutone
1059 2426 1091 2508 20

241 2541 372 2600 dicimus.

278 2733 367 2793 XIII.
396 2733 496 2807 Atque
521 2734 606 2790 etiam
628 2735 816 2792 Antisthenes
843 2737 872 2793 in
900 2755 935 2793 eo
962 2736 1046 2807 libro,

241 2831 289 2905 qui
303 2828 451 2905 Physicus
471 2829 647 2902 inscribitur,
660 2833 813 2908 populares
833 2833 913 2891 Deos
933 2834 1047 2906 multos,

190 2996 193 3000 ι
241 2926 403 2984 naturalem
417 2942 507 2980 unum
521 2943 583 2982 esse
597 2927 706 2997 dicens,
722 2926 798 2986 tollit
809 2931 865 2987 vim
877 2938 906 2985 et
916 2941 1048 2986 naturam

164 3064 167 3073 .
242 3020 379 3080 Deorum.
422 3019 489 3077 Nec
504 3022 593 3079 multo
602 3042 687 3082 secus
699 3026 887 3101 Speusippus,
899 3023 1090 3083 Platonemsr

243 3119 420 3177 auunculum
441 3117 626 3192 subsequens,
642 3134 670 3178 et
690 3123 751 3179 vim
772 3119 916 3194 quendam
937 3122 1047 3192 dicens,

243 3235 298 3290 qua
319 3214 418 3271 omnia
438 3227 585 3293 regantur,
600 3237 728 3303 eumque
749 3217 921 3291 unimuem,
938 3218 1062 3277 euntem
