2409 3859
215 440 270 499 100
476 453 519 499 na
538 453 673 500 unauna
691 451 835 499 osonum.

255 599 415 676 ipsius'Dei
430 603 652 678 nuncupabantz
673 612 706 659 ut
719 620 787 660 eum
801 601 899 677 fruges
919 600 1058 660 Cererem

255 699 439 774 appellamus,
453 699 550 756 vinum
566 710 661 758 autem
674 699 829 770 Liberum3
851 717 888 756 ex
907 717 968 774 quo
988 698 1058 757 illud

254 794 395 869 Terentii,

378 931 395 958 “
405 927 466 975 Sine
479 927 570 976 Cerere
581 931 608 975 et
619 926 709 974 Libero
719 925 794 990 friget
804 924 894 974 Venus
904 944 910 974 ι
920 926 936 948 ”

224 1099 240 1147 5
254 1098 314 1145 tum
330 1099 423 1146 autern
441 1106 486 1145 res
499 1089 570 1164 ipsa,
586 1087 616 1145 in
631 1087 743 1164 quavis
758 1087 832 1144 inest
846 1087 937 1163 major
952 1087 1056 1164 aliqua,

255 1185 299 1241 sio
314 1185 478 1260 appellatur,
493 1196 572 1242 ntea
588 1185 648 1260 ipsa
669 1203 714 1242 res
734 1183 898 1241 nominetur
920 1184 1013 1254 Deus,
1028 1196 1057 1241 ut

255 1280 352 1351 Fides,
368 1291 399 1338 ut
413 1279 507 1352 Mens,
522 1299 593 1356 quas
607 1281 637 1338 in
651 1280 796 1355 Capitolio
810 1279 960 1336 dedicatas
980 1256 1056 1338 vide:

252 1396 316 1433 mus
337 1378 465 1453 proxime
489 1397 505 1434 a
525 1377 567 1434 M.
583 1377 703 1435 AEmilio
724 1377 835 1434 Scauro
843 1396 851 1447 ;
874 1387 941 1434 ante
963 1389 1057 1435 autem

253 1475 287 1530 ab
301 1474 393 1531 Atilio
408 1475 542 1531 Calatino
561 1485 622 1531 erat
641 1474 729 1531 Fides
749 1484 925 1531 consecrata
967 1474 1057 1531 Vides

211 1584 239 1633 to
252 1571 375 1629 Virtutis
396 1573 544 1648 templum,
560 1571 640 1628 vides
663 1571 792 1628 Honoris
814 1589 830 1627 a
850 1569 893 1627 Μ.
915 1570 1056 1629 Marcello

251 1681 428 1737 renovatum,
462 1669 540 1745 qnod
559 1669 657 1725 multis
686 1678 750 1725 ante
778 1667 861 1724 annis
888 1678 952 1724 erat
980 1667 1057 1726 bello

252 1765 401 1843 Ligustico
417 1765 484 1828 aQ.
501 1765 631 1822 Maximo
646 1766 819 1822 dedicatum.
859 1763 944 1825 Quid
958 1750 1054 1840 Opisl

253 1863 323 1936 quid
344 1865 470 1921 Salutisl
491 1862 560 1937 quid
581 1861 764 1932 Concordiae,
778 1860 943 1933 Libertatis,
957 1861 1057 1920 Victo·

252 1958 323 2015 riael
346 1978 466 2033 quarum
480 1959 608 2015 omnium
622 1976 717 2014 rerum
732 1957 799 2032 quia
819 1957 861 2015 vis
882 1971 944 2015 erat
963 1968 1054 2029 tauta,
1078 1938 1087 1957 ⁸

209 2066 239 2115 15
252 2063 284 2110 ut
304 2054 367 2111 sine
387 2055 452 2112 Deo
473 2054 534 2131 regi
555 2073 613 2110 non
640 2065 745 2129 posset,
768 2054 829 2130 ipsa
855 2072 901 2111 res
927 2053 1056 2112 Deorum

254 2171 358 2209 nomen
380 2153 511 2209 obtinuit.
552 2150 624 2212 Quo
645 2170 680 2208 ex
701 2171 816 2228 genere,
837 2152 1004 2228 Cupidinis,
1025 2161 1054 2212 et

254 2248 426 2324 Voluptatis,
440 2261 470 2307 et
490 2249 662 2306 Lubentinae
683 2249 806 2307 Veneris
826 2250 969 2307 vocabula
989 2269 1057 2308 con·

252 2356 453 2417 secratasunt,
468 2346 634 2403 vitiosarum
647 2365 753 2417 rerum,
764 2364 858 2421 neque
872 2347 1056 2419 naturalium,

252 2462 423 2520 quamquam
444 2443 574 2501 Velleius
595 2443 676 2500 aliter
697 2426 858 2500 exidtimat:
888 2442 938 2500 sed
960 2453 1056 2502 tamen

207 2555 239 2605 20
255 2559 290 2597 ea
305 2540 365 2616 ipsa
379 2538 448 2596 vitia
467 2553 598 2597 naturam
619 2538 817 2597 vehementius
837 2557 912 2621 saepe
933 2540 1056 2615 pulsant

253 2635 415 2694 Utilitatum
443 2634 531 2710 igitur
551 2633 749 2710 magnitudine
770 2633 920 2690 constituti
942 2645 1011 2692 sunt
1038 2633 1058 2693 ii

253 2731 302 2803 Di,
317 2731 366 2807 qui
387 2730 524 2788 utilitates
545 2749 672 2805 quasque
692 2729 857 2806 gignebant.
899 2729 999 2805 Atque
1013 2731 1057 2788 his

252 2829 367 2904 quidem
394 2827 558 2886 nominibus
585 2846 648 2902 quae
675 2826 760 2903 paulo
788 2837 853 2883 ante
880 2825 1056 2901 dictasunt,

253 2943 317 3000 que
330 2926 373 2982 vis
386 2925 432 2996 sit,
447 2924 478 2982 in
492 2942 607 2998 quoque
621 2925 782 2982 declaratur
795 2922 869 2980 Deo.

207 3121 242 3172 25
294 3116 408 3176 XXIV.
437 3116 572 3192 Suscepit
586 3127 680 3174 autem
695 3117 754 3174 vita
764 3115 924 3187 hominum,
936 3134 1058 3175 eonsue-

247 3213 378 3294 tudoque
394 3213 572 3290 communis,
584 3223 618 3274 ut
627 3211 781 3272 benedeiis
791 3213 964 3271 eaoellentes
979 3213 1057 3273 viro·
