2409 3859
189 430 227 489 12
452 443 496 489 uu
514 445 649 500 uiuunt
667 442 811 491 nuoauu.
962 438 1030 500 [uu

198 653 201 656 ,
233 593 268 653 ad
288 594 364 653 hauc
382 595 564 672 potissimum
585 595 788 672 confugissem.
829 586 875 652 Ei
887 611 955 652 vero
968 578 1030 668 ipsa

230 678 310 750 nulli
329 692 440 751 ratione
460 693 563 752 melius
584 693 640 751 frui
659 692 750 770 potui,
765 710 850 767 quam
871 691 896 748 si
910 708 1029 748 menon

230 789 317 847 modo
345 789 380 847 ad
406 790 544 867 legendos
570 790 668 862 libros,
689 789 740 849 sed
760 789 847 847 etiam
875 789 912 846 ad
938 799 1028 847 totam

228 886 438 963 philosophiam
463 887 693 964 pertractandam
719 887 870 968 dedissem.
917 886 1028 944 Omnes

199 962 216 1041 h
229 995 324 1042 autem
339 985 401 1061 ejus
413 996 508 1061 partes
523 995 608 1060 atque
621 985 718 1042 omnia
731 985 860 1043 membra
873 994 934 1041 tum
948 983 1027 1040 sacil-

228 1081 296 1140 lime
317 1093 485 1155 noscuntur,
507 1102 572 1140 cum
594 1093 661 1141 totae
681 1082 853 1157 quaestiones
873 1081 1027 1138 scribendo

228 1179 423 1255 explicantur:
448 1191 492 1238 est
512 1179 589 1237 enim
610 1179 787 1237 admirabilis
807 1179 937 1255 quaedam
958 1197 1026 1235 con·

226 1277 349 1337 tinuatio
362 1278 507 1359 seriesque
520 1297 627 1348 rerum,
643 1289 674 1337 ut
689 1279 751 1336 alim
765 1296 801 1336 ex
815 1276 878 1334 aliis
892 1295 981 1347 nexa,
997 1286 1026 1332 et

226 1392 327 1432 omnes
341 1375 414 1432 inter
429 1393 460 1433 se
469 1358 546 1452 aptae
561 1376 761 1454 colligatoeque
774 1373 933 1453 videantur.

118 1590 124 1635 t
182 1559 213 1634 ui
265 1569 302 1629 V.
330 1571 394 1633 Qui
416 1582 513 1631 autem
534 1573 693 1648 requirunt,
715 1571 785 1648 quid
805 1588 918 1648 quaque
938 1570 975 1628 de
995 1587 1025 1626 re

226 1666 281 1744 ipsi
295 1669 462 1738 sentiamus,
474 1670 619 1748 curiosius
631 1670 661 1728 id
675 1670 795 1743 faciunt,
808 1689 894 1745 quam
907 1685 1026 1726 necesse

225 1752 285 1824 est:
309 1785 369 1823 non
395 1766 473 1825 enim
498 1777 558 1825 tam
586 1767 764 1825 auctoritatis
791 1767 822 1824 in
842 1765 1024 1841 disputando,

141 1919 143 1924 .
225 1881 310 1938 quam
337 1863 456 1922 rationis
482 1875 628 1939 momenta
654 1863 807 1939 quaerenda
826 1873 900 1920 sunt.
941 1862 1025 1922 Quin

225 1960 311 2019 etiam
338 1961 419 2018 obest
444 1961 614 2037 plerumque
639 1961 684 2032 iis,
706 1960 758 2035 qui
783 1960 895 2017 discere
915 1960 1024 2031 volunt,

177 2063 212 2117 *15
226 2057 380 2117 auctoritas
413 2077 523 2131 eorum,
557 2058 606 2134 qui
639 2076 671 2116 se
704 2057 809 2115 docere
838 2057 1023 2132 profitentur:
1061 2094 1063 2102 ·

225 2155 359 2214 desinunt
372 2155 449 2213 euim
463 2175 547 2214 suum
558 2155 701 2232 judicium
712 2154 862 2226 adhibere;
878 2154 907 2211 id
919 2155 1025 2212 habeut

225 2263 327 2324 ratum,
355 2253 432 2328 quod
460 2253 495 2311 ab
523 2263 567 2325 eo,
595 2272 680 2329 quem
706 2253 837 2339 probput‚
862 2253 1023 2330 judicatum

224 2350 331 2409 vident.
373 2349 438 2408 Nec
465 2369 532 2408 vero
559 2350 682 2434 probare
709 2351 789 2425 soleo
817 2351 856 2422 id,
885 2351 960 2425 quod
988 2351 1024 2407 de

225 2447 413 2525 Pythagoreis
440 2447 621 2524 accepimus:
656 2466 728 2522 quos
762 2447 867 2518 serunt,
895 2448 919 2504 si
954 2448 1022 2522 quid

180 2557 212 2606 20
226 2545 398 2602 affirmarent
412 2544 441 2602 in
456 2544 638 2621 disputando,
653 2564 720 2603 cum
733 2564 768 2603 ex
783 2544 819 2602 iis
839 2556 1023 2620 quareretur,

225 2660 314 2716 quare
335 2643 374 2699 ita
399 2649 485 2715 esset,
519 2642 692 2718 respondere
719 2642 828 2714 solitos,
848 2643 908 2719 ipse
928 2643 1023 2700 dizit:

226 2738 287 2812 ipse
320 2749 415 2796 autem
438 2748 506 2813 erat,
532 2739 716 2816 Pythagoras.
770 2738 900 2797 Tantum
927 2739 1023 2816 opinio

225 2830 412 2908 praejudicata
424 2824 545 2910 poteiat,
560 2843 592 2892 ut
606 2834 693 2892 etiam
706 2833 769 2893 sine
788 2835 899 2893 ratione
919 2834 1024 2891 valeret

227 2928 400 2989 auctoritasf
429 2929 494 2991 Qui
508 2940 603 2988 autem
617 2931 768 3002 mirantur,
782 2950 836 2988 nos
849 2930 924 2987 hanc
937 2929 1024 3006 potis·

181 3037 213 3086 25
226 3022 329 3080 simum
364 3024 545 3101 disciplinam
575 3037 701 3100 secutos,
729 3027 774 3084 his
801 3036 920 3101 quatuor
948 3025 1024 3082 Aca·

226 3119 346 3178 domicia
358 3122 440 3181 libris
453 3123 522 3180 satis
535 3142 702 3199 responsum
716 3123 836 3181 videtur.
877 3121 943 3180 Nec
957 3124 1023 3180 vero

127 3279 130 3284 ¹
210 3214 395 3276 desertarum
409 3220 639 3299 relictarumque
652 3239 748 3280 rerum
759 3219 951 3296 patrocinium
965 3238 1024 3277 sus·
