<?xml version="1.0" encoding="UTF-8"?>
<!DOCTYPE html PUBLIC "-//W3C//DTD XHTML 1.0 Transitional//EN"
    "http://www.w3.org/TR/xhtml1/DTD/xhtml1-transitional.dtd">
<html xmlns="http://www.w3.org/1999/xhtml" xml:lang="en" lang="en">
 <head>
  <title>
</title>
<meta http-equiv="Content-Type" content="text/html;charset=utf-8" />
  <meta name='ocr-system' content='tesseract 3.04.00' />
  <meta name='ocr-capabilities' content='ocr_page ocr_carea ocr_par ocr_line ocrx_word'/>
</head>
<body>
  <div class='ocr_page' id='page_1' title='image "./mtciceronisdena00cicegoog_0037.png"; bbox 0 0 2409 3859; ppageno 0'>
   <div class='ocr_carea' id='block_1_1' title="bbox 564 468 1098 528">
    <p class='ocr_par' dir='ltr' id='par_1_1' title="bbox 564 468 1098 528">
     <span class='ocr_line' id='line_1_1' title="bbox 564 468 1098 528; baseline 0.006 -3"><span class='ocrx_word' id='word_1_1' title='bbox 564 478 662 525; x_wconf 81' lang='lat' dir='ltr'>uana</span> <span class='ocrx_word' id='word_1_2' title='bbox 680 479 700 527; x_wconf 89' lang='lat'>1.</span> <span class='ocrx_word' id='word_1_3' title='bbox 720 479 756 527; x_wconf 87' lang='lat' dir='ltr'>aa.</span> <span class='ocrx_word' id='word_1_4' title='bbox 1065 468 1098 528; x_wconf 76' lang='lat'>³1</span> 
     </span>
    </p>
   </div>
   <div class='ocr_carea' id='block_1_2' title="bbox 188 625 1098 3220">
    <p class='ocr_par' dir='ltr' id='par_1_2' title="bbox 188 625 1098 3220">
     <span class='ocr_line' id='line_1_2' title="bbox 255 625 1061 705; baseline -0.002 -18"><span class='ocrx_word' id='word_1_5' title='bbox 255 629 395 688; x_wconf 71' lang='lat' dir='ltr'>habemus</span> <span class='ocrx_word' id='word_1_6' title='bbox 408 646 512 687; x_wconf 78' lang='lat' dir='ltr'>omnes</span> <span class='ocrx_word' id='word_1_7' title='bbox 524 627 656 685; x_wconf 90' lang='lat' dir='ltr'>omnium</span> <span class='ocrx_word' id='word_1_8' title='bbox 669 625 799 705; x_wconf 80' lang='lat' dir='ltr'>gentium</span> <span class='ocrx_word' id='word_1_9' title='bbox 813 630 938 704; x_wconf 77' lang='lat' dir='ltr'>speciem</span> <span class='ocrx_word' id='word_1_10' title='bbox 952 627 1061 685; x_wconf 89' lang='lat' dir='ltr'>nullam</span> 
     </span>
     <span class='ocr_line' id='line_1_3' title="bbox 256 723 1062 800; baseline -0.001 -16"><span class='ocrx_word' id='word_1_11' title='bbox 256 727 351 799; x_wconf 89' lang='lat' dir='ltr'>aliam,</span> <span class='ocrx_word' id='word_1_12' title='bbox 374 725 433 784; x_wconf 79' lang='lat' dir='ltr'>nisi</span> <span class='ocrx_word' id='word_1_13' title='bbox 460 725 627 796; x_wconf 88' lang='lat' dir='ltr'>humanam,</span> <span class='ocrx_word' id='word_1_14' title='bbox 648 724 792 784; x_wconf 86' lang='lat' dir='ltr'>Deorum:</span> <span class='ocrx_word' id='word_1_15' title='bbox 820 744 884 800; x_wconf 83' lang='lat' dir='ltr'>quae</span> <span class='ocrx_word' id='word_1_16' title='bbox 907 725 985 783; x_wconf 90' lang='lat' dir='ltr'>enim</span> <span class='ocrx_word' id='word_1_17' title='bbox 1005 723 1062 783; x_wconf 85' lang='lat' dir='ltr'>alia</span> 
     </span>
     <span class='ocr_line' id='line_1_4' title="bbox 256 821 1060 900; baseline -0.004 -18"><span class='ocrx_word' id='word_1_18' title='bbox 256 823 346 883; x_wconf 76' lang='lat' dir='ltr'>forma</span> <span class='ocrx_word' id='word_1_19' title='bbox 372 821 504 881; x_wconf 87' lang='lat' dir='ltr'>occurrit</span> <span class='ocrx_word' id='word_1_20' title='bbox 531 840 658 896; x_wconf 89' lang='lat' dir='ltr'>unquam</span> <span class='ocrx_word' id='word_1_21' title='bbox 685 833 733 880; x_wconf 87' lang='lat' dir='ltr'>aut</span> <span class='ocrx_word' id='word_1_22' title='bbox 758 822 888 900; x_wconf 83' lang='lat' dir='ltr'>vigilanti</span> <span class='ocrx_word' id='word_1_23' title='bbox 915 821 1060 896; x_wconf 77' lang='lat' dir='ltr'>cuiquam,</span> 
     </span>
     <span class='ocr_line' id='line_1_5' title="bbox 244 912 1061 989; baseline -0.006 -8"><span class='ocrx_word' id='word_1_24' title='bbox 244 912 305 981; x_wconf 77' lang='lat' dir='ltr'>&#39;aut</span> <span class='ocrx_word' id='word_1_25' title='bbox 331 917 510 977; x_wconf 88' lang='lat' dir='ltr'>dormientil</span> <span class='ocrx_word' id='word_1_26' title='bbox 553 918 623 989; x_wconf 87' lang='lat' dir='ltr'>Sed,</span> <span class='ocrx_word' id='word_1_27' title='bbox 643 937 681 977; x_wconf 88' lang='lat' dir='ltr'>ne</span> <span class='ocrx_word' id='word_1_28' title='bbox 707 919 804 977; x_wconf 89' lang='lat' dir='ltr'>omnia</span> <span class='ocrx_word' id='word_1_29' title='bbox 830 928 998 976; x_wconf 82' lang='lat' dir='ltr'>revocentur</span> <span class='ocrx_word' id='word_1_30' title='bbox 1025 918 1061 976; x_wconf 87' lang='lat' dir='ltr'>ad</span> 
     </span>
     <span class='ocr_line' id='line_1_6' title="bbox 257 1014 1090 1093; baseline -0.001 -20.031"><span class='ocrx_word' id='word_1_31' title='bbox 230 1016 363 1093; x_wconf 85' lang='lat' dir='ltr'>primas</span> <span class='ocrx_word' id='word_1_32' title='bbox 389 1014 544 1091; x_wconf 63' lang='lat' dir='ltr'>notiones,</span> <span class='ocrx_word' id='word_1_33' title='bbox 557 1014 632 1073; x_wconf 82' lang='lat' dir='ltr'>ratio</span> <span class='ocrx_word' id='word_1_34' title='bbox 657 1015 817 1074; x_wconf 81' lang='lat' dir='ltr'>hoc-idem</span> <span class='ocrx_word' id='word_1_35' title='bbox 844 1016 906 1091; x_wconf 91' lang='lat' dir='ltr'>ipsa</span> <span class='ocrx_word' id='word_1_36' title='bbox 926 1015 1090 1073; x_wconf 80' lang='lat' dir='ltr'>declarat5</span> 
     </span>
     <span class='ocr_line' id='line_1_7' title="bbox 259 1111 1063 1188; baseline -0.004 -17"><span class='ocrx_word' id='word_1_37' title='bbox 259 1112 335 1171; x_wconf 91' lang='lat' dir='ltr'>Nam</span> <span class='ocrx_word' id='word_1_38' title='bbox 363 1132 433 1171; x_wconf 88' lang='lat' dir='ltr'>cum</span> <span class='ocrx_word' id='word_1_39' title='bbox 459 1111 726 1188; x_wconf 74' lang='lat' dir='ltr'>praestantissimam</span> <span class='ocrx_word' id='word_1_40' title='bbox 751 1123 894 1184; x_wconf 91' lang='lat' dir='ltr'>naturam,</span> <span class='ocrx_word' id='word_1_41' title='bbox 923 1111 967 1169; x_wconf 84' lang='lat' dir='ltr'>vel</span> <span class='ocrx_word' id='word_1_42' title='bbox 994 1111 1063 1188; x_wconf 88' lang='lat' dir='ltr'>quia</span> 
     </span>
     <span class='ocr_line' id='line_1_8' title="bbox 261 1198 1062 1284; baseline -0.005 -15"><span class='ocrx_word' id='word_1_43' title='bbox 261 1210 342 1268; x_wconf 81' lang='lat' dir='ltr'>beata</span> <span class='ocrx_word' id='word_1_44' title='bbox 354 1219 410 1282; x_wconf 83' lang='lat' dir='ltr'>eet,</span> <span class='ocrx_word' id='word_1_45' title='bbox 425 1208 471 1267; x_wconf 87' lang='lat' dir='ltr'>rel</span> <span class='ocrx_word' id='word_1_46' title='bbox 485 1207 557 1283; x_wconf 90' lang='lat' dir='ltr'>quia</span> <span class='ocrx_word' id='word_1_47' title='bbox 569 1208 751 1284; x_wconf 71' lang='lat' dir='ltr'>sempiterna,</span> <span class='ocrx_word' id='word_1_48' title='bbox 765 1198 920 1267; x_wconf 68' lang='lat' dir='ltr'>conuenire</span> <span class='ocrx_word' id='word_1_49' title='bbox 934 1208 1062 1266; x_wconf 86' lang='lat' dir='ltr'>videatur</span> 
     </span>
     <span class='ocr_line' id='line_1_9' title="bbox 260 1302 1062 1381; baseline -0.004 -17"><span class='ocrx_word' id='word_1_50' title='bbox 260 1306 380 1364; x_wconf 72' lang='lat' dir='ltr'>eundem</span> <span class='ocrx_word' id='word_1_51' title='bbox 418 1323 485 1363; x_wconf 81' lang='lat' dir='ltr'>esse</span> <span class='ocrx_word' id='word_1_52' title='bbox 523 1303 756 1381; x_wconf 78' lang='lat' dir='ltr'>pulcherrimam,</span> <span class='ocrx_word' id='word_1_53' title='bbox 790 1323 854 1380; x_wconf 78' lang='lat' dir='ltr'>quae</span> <span class='ocrx_word' id='word_1_54' title='bbox 893 1302 1062 1381; x_wconf 73' lang='lat' dir='ltr'>compositio</span> 
     </span>
     <span class='ocr_line' id='line_1_10' title="bbox 261 1401 1061 1476; baseline -0.005 -15"><span class='ocrx_word' id='word_1_55' title='bbox 261 1403 465 1474; x_wconf 84' lang='lat' dir='ltr'>membrorum,</span> <span class='ocrx_word' id='word_1_56' title='bbox 493 1419 560 1476; x_wconf 75' lang='lat' dir='ltr'>que</span> <span class='ocrx_word' id='word_1_57' title='bbox 592 1401 781 1459; x_wconf 79' lang='lat' dir='ltr'>conformatio</span> <span class='ocrx_word' id='word_1_58' title='bbox 812 1401 1061 1470; x_wconf 83' lang='lat' dir='ltr'>lineamentorum,</span> 
     </span>
     <span class='ocr_line' id='line_1_11' title="bbox 262 1480 1098 1578; baseline -0.007 -19"><span class='ocrx_word' id='word_1_59' title='bbox 262 1519 322 1576; x_wconf 75' lang='lat' dir='ltr'>qne</span> <span class='ocrx_word' id='word_1_60' title='bbox 348 1500 453 1578; x_wconf 85' lang='lat' dir='ltr'>ligura,</span> <span class='ocrx_word' id='word_1_61' title='bbox 482 1516 548 1574; x_wconf 81' lang='lat' dir='ltr'>quae</span> <span class='ocrx_word' id='word_1_62' title='bbox 580 1497 700 1574; x_wconf 70' lang='lat' dir='ltr'>speeies,</span> <span class='ocrx_word' id='word_1_63' title='bbox 727 1480 855 1557; x_wconf 69' lang='lat' dir='ltr'>humani</span> <span class='ocrx_word' id='word_1_64' title='bbox 878 1508 973 1576; x_wconf 90' lang='lat' dir='ltr'>potest</span> <span class='ocrx_word' id='word_1_65' title='bbox 999 1515 1061 1556; x_wconf 85' lang='lat' dir='ltr'>ease</span> <span class='ocrx_word' id='word_1_66' title='bbox 1075 1503 1098 1553; x_wconf 84' lang='lat'>1(</span> 
     </span>
     <span class='ocr_line' id='line_1_12' title="bbox 263 1593 1063 1672; baseline -0.006 -17"><span class='ocrx_word' id='word_1_67' title='bbox 263 1597 429 1672; x_wconf 84' lang='lat' dir='ltr'>pulchriorl</span> <span class='ocrx_word' id='word_1_68' title='bbox 477 1595 542 1655; x_wconf 83' lang='lat' dir='ltr'>vos</span> <span class='ocrx_word' id='word_1_69' title='bbox 567 1594 693 1669; x_wconf 87' lang='lat' dir='ltr'>quidem,</span> <span class='ocrx_word' id='word_1_70' title='bbox 720 1594 827 1663; x_wconf 81' lang='lat' dir='ltr'>Lucili,</span> <span class='ocrx_word' id='word_1_71' title='bbox 855 1595 953 1653; x_wconf 80' lang='lat' dir='ltr'>soletis</span> <span class='ocrx_word' id='word_1_72' title='bbox 981 1593 1063 1670; x_wconf 90' lang='lat' dir='ltr'>(nam</span> 
     </span>
     <span class='ocr_line' id='line_1_13' title="bbox 263 1689 1064 1769; baseline -0.005 -18"><span class='ocrx_word' id='word_1_73' title='bbox 263 1692 348 1751; x_wconf 88' lang='lat' dir='ltr'>Cotta</span> <span class='ocrx_word' id='word_1_74' title='bbox 359 1711 445 1751; x_wconf 82' lang='lat' dir='ltr'>meua</span> <span class='ocrx_word' id='word_1_75' title='bbox 457 1690 622 1763; x_wconf 88' lang='lat' dir='ltr'>modo&#39;hoc,</span> <span class='ocrx_word' id='word_1_76' title='bbox 633 1691 719 1749; x_wconf 92' lang='lat' dir='ltr'>modo</span> <span class='ocrx_word' id='word_1_77' title='bbox 732 1691 817 1769; x_wconf 92' lang='lat' dir='ltr'>illud)</span> <span class='ocrx_word' id='word_1_78' title='bbox 830 1709 897 1747; x_wconf 89' lang='lat' dir='ltr'>cum</span> <span class='ocrx_word' id='word_1_79' title='bbox 911 1689 1064 1748; x_wconf 84' lang='lat' dir='ltr'>artificium</span> 
     </span>
     <span class='ocr_line' id='line_1_14' title="bbox 263 1787 1065 1869; baseline -0.006 -18"><span class='ocrx_word' id='word_1_80' title='bbox 263 1792 397 1869; x_wconf 79' lang='lat' dir='ltr'>effingitis</span> <span class='ocrx_word' id='word_1_81' title='bbox 411 1791 611 1865; x_wconf 83' lang='lat' dir='ltr'>fabricamque</span> <span class='ocrx_word' id='word_1_82' title='bbox 630 1791 768 1862; x_wconf 86' lang='lat' dir='ltr'>divinam,</span> <span class='ocrx_word' id='word_1_83' title='bbox 783 1808 869 1864; x_wconf 91' lang='lat' dir='ltr'>quam</span> <span class='ocrx_word' id='word_1_84' title='bbox 889 1789 947 1846; x_wconf 85' lang='lat' dir='ltr'>sint</span> <span class='ocrx_word' id='word_1_85' title='bbox 967 1787 1065 1846; x_wconf 90' lang='lat' dir='ltr'>omnia</span> 
     </span>
     <span class='ocr_line' id='line_1_15' title="bbox 264 1874 1064 1963; baseline -0.003 -18"><span class='ocrx_word' id='word_1_86' title='bbox 264 1888 292 1945; x_wconf 90' lang='lat' dir='ltr'>in</span> <span class='ocrx_word' id='word_1_87' title='bbox 317 1888 445 1947; x_wconf 80' lang='lat' dir='ltr'>hominis</span> <span class='ocrx_word' id='word_1_88' title='bbox 471 1874 566 1963; x_wconf 76' lang='lat' dir='ltr'>ligurii</span> <span class='ocrx_word' id='word_1_89' title='bbox 589 1905 648 1945; x_wconf 88' lang='lat' dir='ltr'>nou</span> <span class='ocrx_word' id='word_1_90' title='bbox 675 1887 761 1944; x_wconf 90' lang='lat' dir='ltr'>modo</span> <span class='ocrx_word' id='word_1_91' title='bbox 789 1886 824 1943; x_wconf 91' lang='lat' dir='ltr'>ad</span> <span class='ocrx_word' id='word_1_92' title='bbox 851 1904 945 1956; x_wconf 84' lang='lat' dir='ltr'>usum,</span> <span class='ocrx_word' id='word_1_93' title='bbox 965 1903 1064 1943; x_wconf 87' lang='lat' dir='ltr'>verum</span> 
     </span>
     <span class='ocr_line' id='line_1_16' title="bbox 264 1978 1098 2060; baseline -0.005 -16"><span class='ocrx_word' id='word_1_94' title='bbox 264 1978 348 2043; x_wconf 83' lang='lat' dir='ltr'>etiam</span> <span class='ocrx_word' id='word_1_95' title='bbox 369 1985 406 2043; x_wconf 91' lang='lat' dir='ltr'>ad</span> <span class='ocrx_word' id='word_1_96' title='bbox 426 1992 608 2043; x_wconf 84' lang='lat' dir='ltr'>venustatem</span> <span class='ocrx_word' id='word_1_97' title='bbox 629 1994 702 2060; x_wconf 86' lang='lat' dir='ltr'>apta,</span> <span class='ocrx_word' id='word_1_98' title='bbox 717 1983 888 2042; x_wconf 86' lang='lat' dir='ltr'>describere.</span> <span class='ocrx_word' id='word_1_99' title='bbox 928 1983 1019 2045; x_wconf 75' lang='lat' dir='ltr'>Quod</span> <span class='ocrx_word' id='word_1_100' title='bbox 1039 1983 1064 2040; x_wconf 84' lang='lat' dir='ltr'>ai</span> <span class='ocrx_word' id='word_1_101' title='bbox 1077 1993 1098 2042; x_wconf 83' lang='lat' dir='ltr'>lt</span> 
     </span>
     <span class='ocr_line' id='line_1_17' title="bbox 264 2079 1066 2156; baseline -0.002 -17"><span class='ocrx_word' id='word_1_102' title='bbox 264 2081 393 2140; x_wconf 88' lang='lat' dir='ltr'>omnium</span> <span class='ocrx_word' id='word_1_103' title='bbox 406 2079 599 2139; x_wconf 88' lang='lat' dir='ltr'>animantium</span> <span class='ocrx_word' id='word_1_104' title='bbox 613 2079 733 2138; x_wconf 88' lang='lat' dir='ltr'>formam</span> <span class='ocrx_word' id='word_1_105' title='bbox 747 2079 837 2137; x_wconf 83' lang='lat' dir='ltr'>vincit</span> <span class='ocrx_word' id='word_1_106' title='bbox 851 2080 975 2138; x_wconf 89' lang='lat' dir='ltr'>hominis</span> <span class='ocrx_word' id='word_1_107' title='bbox 994 2080 1066 2156; x_wconf 85' lang='lat' dir='ltr'>figu-</span> 
     </span>
     <span class='ocr_line' id='line_1_18' title="bbox 264 2158 1065 2255; baseline 0 -20"><span class='ocrx_word' id='word_1_108' title='bbox 264 2196 304 2251; x_wconf 88' lang='lat' dir='ltr'>ra,</span> <span class='ocrx_word' id='word_1_109' title='bbox 324 2178 406 2237; x_wconf 83' lang='lat' dir='ltr'>Deua</span> <span class='ocrx_word' id='word_1_110' title='bbox 427 2186 526 2235; x_wconf 87' lang='lat' dir='ltr'>autem</span> <span class='ocrx_word' id='word_1_111' title='bbox 547 2176 677 2234; x_wconf 86' lang='lat' dir='ltr'>animans</span> <span class='ocrx_word' id='word_1_112' title='bbox 690 2186 750 2247; x_wconf 85' lang='lat' dir='ltr'>est3</span> <span class='ocrx_word' id='word_1_113' title='bbox 771 2162 805 2234; x_wconf 77' lang='lat' dir='ltr'>ea</span> <span class='ocrx_word' id='word_1_114' title='bbox 825 2158 917 2255; x_wconf 70' lang='lat' dir='ltr'>figaria</span> <span class='ocrx_word' id='word_1_115' title='bbox 935 2178 1065 2254; x_wconf 84' lang='lat' dir='ltr'>profecto</span> 
     </span>
     <span class='ocr_line' id='line_1_19' title="bbox 265 2272 1065 2351; baseline -0.003 -18"><span class='ocrx_word' id='word_1_116' title='bbox 265 2286 316 2346; x_wconf 85' lang='lat' dir='ltr'>eat,</span> <span class='ocrx_word' id='word_1_117' title='bbox 336 2294 401 2351; x_wconf 74' lang='lat' dir='ltr'>que</span> <span class='ocrx_word' id='word_1_118' title='bbox 420 2272 618 2350; x_wconf 88' lang='lat' dir='ltr'>pulcherrima</span> <span class='ocrx_word' id='word_1_119' title='bbox 637 2273 675 2331; x_wconf 86' lang='lat' dir='ltr'>ait</span> <span class='ocrx_word' id='word_1_120' title='bbox 701 2274 844 2332; x_wconf 87' lang='lat' dir='ltr'>omnium:</span> <span class='ocrx_word' id='word_1_121' title='bbox 872 2275 1065 2349; x_wconf 88' lang='lat' dir='ltr'>quoniamque</span> 
     </span>
     <span class='ocr_line' id='line_1_20' title="bbox 264 2369 1066 2441; baseline -0.005 -10"><span class='ocrx_word' id='word_1_122' title='bbox 264 2369 342 2431; x_wconf 81' lang='lat' dir='ltr'>Deae</span> <span class='ocrx_word' id='word_1_123' title='bbox 354 2369 539 2429; x_wconf 80' lang='lat' dir='ltr'>beatissimos</span> <span class='ocrx_word' id='word_1_124' title='bbox 552 2388 615 2429; x_wconf 85' lang='lat' dir='ltr'>esse</span> <span class='ocrx_word' id='word_1_125' title='bbox 628 2379 750 2441; x_wconf 89' lang='lat' dir='ltr'>constat,</span> <span class='ocrx_word' id='word_1_126' title='bbox 766 2371 866 2428; x_wconf 88' lang='lat' dir='ltr'>beatus</span> <span class='ocrx_word' id='word_1_127' title='bbox 887 2381 982 2429; x_wconf 89' lang='lat' dir='ltr'>autem</span> <span class='ocrx_word' id='word_1_128' title='bbox 1003 2387 1066 2427; x_wconf 79' lang='lat' dir='ltr'>ease</span> 
     </span>
     <span class='ocr_line' id='line_1_21' title="bbox 265 2465 1098 2541; baseline -0.004 -16"><span class='ocrx_word' id='word_1_129' title='bbox 265 2467 325 2525; x_wconf 79' lang='lat' dir='ltr'>aine</span> <span class='ocrx_word' id='word_1_130' title='bbox 337 2467 446 2526; x_wconf 87' lang='lat' dir='ltr'>virtute</span> <span class='ocrx_word' id='word_1_131' title='bbox 467 2483 553 2528; x_wconf 83' lang='lat' dir='ltr'>nemo</span> <span class='ocrx_word' id='word_1_132' title='bbox 571 2476 674 2541; x_wconf 86' lang='lat' dir='ltr'>potest,</span> <span class='ocrx_word' id='word_1_133' title='bbox 689 2484 744 2523; x_wconf 90' lang='lat' dir='ltr'>nec</span> <span class='ocrx_word' id='word_1_134' title='bbox 764 2466 853 2524; x_wconf 85' lang='lat' dir='ltr'>virtus</span> <span class='ocrx_word' id='word_1_135' title='bbox 872 2467 935 2525; x_wconf 84' lang='lat' dir='ltr'>aine</span> <span class='ocrx_word' id='word_1_136' title='bbox 955 2465 1098 2524; x_wconf 52' lang='lat' dir='ltr'>ratione&amp;</span> 
     </span>
     <span class='ocr_line' id='line_1_22' title="bbox 266 2561 1066 2637; baseline -0.004 -13"><span class='ocrx_word' id='word_1_137' title='bbox 266 2574 405 2637; x_wconf 73' lang='lat' dir='ltr'>constare,</span> <span class='ocrx_word' id='word_1_138' title='bbox 420 2580 478 2621; x_wconf 87' lang='lat' dir='ltr'>nec</span> <span class='ocrx_word' id='word_1_139' title='bbox 492 2561 565 2620; x_wconf 84' lang='lat' dir='ltr'>ratio</span> <span class='ocrx_word' id='word_1_140' title='bbox 578 2581 698 2637; x_wconf 87' lang='lat' dir='ltr'>usquam</span> <span class='ocrx_word' id='word_1_141' title='bbox 713 2561 816 2636; x_wconf 84' lang='lat' dir='ltr'>inesse,</span> <span class='ocrx_word' id='word_1_142' title='bbox 828 2563 883 2621; x_wconf 88' lang='lat' dir='ltr'>nisi</span> <span class='ocrx_word' id='word_1_143' title='bbox 898 2565 927 2622; x_wconf 91' lang='lat' dir='ltr'>in</span> <span class='ocrx_word' id='word_1_144' title='bbox 943 2561 1066 2621; x_wconf 84' lang='lat' dir='ltr'>hominis</span> 
     </span>
     <span class='ocr_line' id='line_1_23' title="bbox 266 2656 1066 2738; baseline 0.001 -21"><span class='ocrx_word' id='word_1_145' title='bbox 266 2660 370 2738; x_wconf 75' lang='lat' dir='ltr'>ligura3</span> <span class='ocrx_word' id='word_1_146' title='bbox 399 2656 527 2717; x_wconf 88' lang='lat' dir='ltr'>hominis</span> <span class='ocrx_word' id='word_1_147' title='bbox 553 2677 615 2716; x_wconf 86' lang='lat' dir='ltr'>esse</span> <span class='ocrx_word' id='word_1_148' title='bbox 642 2657 740 2735; x_wconf 86' lang='lat' dir='ltr'>specie</span> <span class='ocrx_word' id='word_1_149' title='bbox 765 2659 844 2718; x_wconf 88' lang='lat' dir='ltr'>Deos</span> <span class='ocrx_word' id='word_1_150' title='bbox 871 2659 1066 2718; x_wconf 89' lang='lat' dir='ltr'>confitendum</span> 
     </span>
     <span class='ocr_line' id='line_1_24' title="bbox 266 2756 1065 2834; baseline -0.001 -17"><span class='ocrx_word' id='word_1_151' title='bbox 266 2768 316 2817; x_wconf 79' lang='lat' dir='ltr'>eat</span> <span class='ocrx_word' id='word_1_152' title='bbox 356 2756 425 2815; x_wconf 89' lang='lat' dir='ltr'>Nec</span> <span class='ocrx_word' id='word_1_153' title='bbox 438 2764 535 2815; x_wconf 88' lang='lat' dir='ltr'>tamen</span> <span class='ocrx_word' id='word_1_154' title='bbox 549 2774 584 2814; x_wconf 89' lang='lat' dir='ltr'>ea</span> <span class='ocrx_word' id='word_1_155' title='bbox 597 2756 708 2832; x_wconf 84' lang='lat' dir='ltr'>species</span> <span class='ocrx_word' id='word_1_156' title='bbox 722 2776 826 2834; x_wconf 86' lang='lat' dir='ltr'>corpus</span> <span class='ocrx_word' id='word_1_157' title='bbox 846 2768 899 2829; x_wconf 87' lang='lat' dir='ltr'>est,</span> <span class='ocrx_word' id='word_1_158' title='bbox 914 2757 964 2814; x_wconf 90' lang='lat' dir='ltr'>sed</span> <span class='ocrx_word' id='word_1_159' title='bbox 984 2757 1065 2832; x_wconf 82' lang='lat' dir='ltr'>quasi</span> 
     </span>
     <span class='ocr_line' id='line_1_25' title="bbox 266 2851 1067 2931; baseline 0.002 -18"><span class='ocrx_word' id='word_1_160' title='bbox 266 2872 387 2930; x_wconf 80' lang='lat' dir='ltr'>corpus:</span> <span class='ocrx_word' id='word_1_161' title='bbox 409 2851 565 2911; x_wconf 83' lang='lat' dir='ltr'>nechabet</span> <span class='ocrx_word' id='word_1_162' title='bbox 585 2853 765 2930; x_wconf 84' lang='lat' dir='ltr'>sanguinem,</span> <span class='ocrx_word' id='word_1_163' title='bbox 779 2855 830 2913; x_wconf 83' lang='lat' dir='ltr'>aed</span> <span class='ocrx_word' id='word_1_164' title='bbox 850 2854 931 2929; x_wconf 89' lang='lat' dir='ltr'>quasi</span> <span class='ocrx_word' id='word_1_165' title='bbox 952 2855 1067 2931; x_wconf 83' lang='lat' dir='ltr'>sangui·</span> 
     </span>
     <span class='ocr_line' id='line_1_26' title="bbox 188 2948 1098 3025; baseline 0.003 -17"><span class='ocrx_word' id='word_1_166' title='bbox 188 2978 192 2987; x_wconf 87' lang='lat'><em>·</em></span> <span class='ocrx_word' id='word_1_167' title='bbox 267 2969 340 3009; x_wconf 89' lang='lat' dir='ltr'>nem.</span> <span class='ocrx_word' id='word_1_168' title='bbox 382 2948 459 3008; x_wconf 86' lang='lat' dir='ltr'>Haec</span> <span class='ocrx_word' id='word_1_169' title='bbox 472 2967 634 3025; x_wconf 90' lang='lat' dir='ltr'>quanquam</span> <span class='ocrx_word' id='word_1_170' title='bbox 648 2960 677 3008; x_wconf 88' lang='lat' dir='ltr'>et</span> <span class='ocrx_word' id='word_1_171' title='bbox 690 2949 805 3009; x_wconf 84' lang='lat' dir='ltr'>inventa</span> <span class='ocrx_word' id='word_1_172' title='bbox 818 2961 885 3008; x_wconf 85' lang='lat' dir='ltr'>sunt</span> <span class='ocrx_word' id='word_1_173' title='bbox 906 2951 1027 3025; x_wconf 80' lang='lat' dir='ltr'>acutius,</span> <span class='ocrx_word' id='word_1_174' title='bbox 1038 2961 1098 3011; x_wconf 54' lang='lat' dir='ltr'>otu</span> 
     </span>
     <span class='ocr_line' id='line_1_27' title="bbox 268 3043 1067 3122; baseline 0.004 -19"><span class='ocrx_word' id='word_1_175' title='bbox 268 3046 347 3105; x_wconf 80' lang='lat' dir='ltr'>(licta</span> <span class='ocrx_word' id='word_1_176' title='bbox 372 3044 506 3105; x_wconf 81' lang='lat' dir='ltr'>subtilius</span> <span class='ocrx_word' id='word_1_177' title='bbox 527 3045 563 3102; x_wconf 87' lang='lat' dir='ltr'>ab</span> <span class='ocrx_word' id='word_1_178' title='bbox 582 3043 721 3122; x_wconf 88' lang='lat' dir='ltr'>Epicuro,</span> <span class='ocrx_word' id='word_1_179' title='bbox 742 3066 827 3122; x_wconf 90' lang='lat' dir='ltr'>quam</span> <span class='ocrx_word' id='word_1_180' title='bbox 855 3057 887 3104; x_wconf 86' lang='lat' dir='ltr'>ut</span> <span class='ocrx_word' id='word_1_181' title='bbox 913 3046 1006 3122; x_wconf 79' lang='lat' dir='ltr'>quivis</span> <span class='ocrx_word' id='word_1_182' title='bbox 1032 3067 1067 3107; x_wconf 90' lang='lat' dir='ltr'>ea</span> 
     </span>
     <span class='ocr_line' id='line_1_28' title="bbox 268 3125 1067 3220; baseline 0.003 -19"><span class='ocrx_word' id='word_1_183' title='bbox 268 3143 358 3219; x_wconf 64' lang='lat' dir='ltr'>poma</span> <span class='ocrx_word' id='word_1_184' title='bbox 371 3159 544 3219; x_wconf 59' lang='lat' dir='ltr'>quiescere:</span> <span class='ocrx_word' id='word_1_185' title='bbox 561 3151 657 3201; x_wconf 89' lang='lat' dir='ltr'>tamen</span> <span class='ocrx_word' id='word_1_186' title='bbox 672 3142 761 3200; x_wconf 83' lang='lat' dir='ltr'>fretus</span> <span class='ocrx_word' id='word_1_187' title='bbox 774 3125 964 3220; x_wconf 71' lang='lat' dir='ltr'>intelligentii</span> <span class='ocrx_word' id='word_1_188' title='bbox 973 3125 1067 3203; x_wconf 69' lang='lat' dir='ltr'>vestri</span> 
     </span>
    </p>
   </div>
   <div class='ocr_carea' id='block_1_3' title="bbox 267 3238 1086 3325">
    <p class='ocr_par' dir='ltr' id='par_1_3' title="bbox 267 3238 1086 3325">
     <span class='ocr_line' id='line_1_29' title="bbox 267 3238 1086 3325; baseline -0.001 -24"><span class='ocrx_word' id='word_1_189' title='bbox 267 3239 377 3301; x_wconf 75' lang='lat' dir='ltr'>dinero</span> <span class='ocrx_word' id='word_1_190' title='bbox 388 3238 514 3319; x_wconf 75' lang='lat' dir='ltr'>lateritia,</span> <span class='ocrx_word' id='word_1_191' title='bbox 527 3261 618 3325; x_wconf 88' lang='lat' dir='ltr'>quam</span> <span class='ocrx_word' id='word_1_192' title='bbox 631 3263 727 3313; x_wconf 82' lang='lat' dir='ltr'>cama</span> <span class='ocrx_word' id='word_1_193' title='bbox 738 3242 898 3307; x_wconf 53' lang='lat' dir='ltr'>adnuerat</span> <span class='ocrx_word' id='word_1_194' title='bbox 929 3240 1086 3321; x_wconf 58' lang='lat' dir='ltr'>lippam</span> 
     </span>
    </p>
   </div>
   <div class='ocr_carea' id='block_1_4' title="bbox 0 0 1229 3859">
    <p class='ocr_par' dir='ltr' id='par_1_4' title="bbox 0 0 1229 3859">
     <span class='ocr_line' id='line_1_30' title="bbox 0 0 1229 3859; baseline 0 0"><span class='ocrx_word' id='word_1_195' title='bbox 0 0 1229 3859; x_wconf 95' lang='lat' dir='ltr'> </span> 
     </span>
    </p>
   </div>
  </div>
 </body>
</html>
