2409 3859
213 432 256 497 48
479 445 522 497 nn
541 446 675 499 risuum
693 444 838 501 mosum.

257 611 380 671 mugnus
393 607 530 655 numerus
542 613 580 655 ne
592 595 623 655 in
636 594 792 673 pontificiis
804 594 920 670 quidem
934 603 1056 653 unstrut

257 689 386 751 Deorum
400 703 496 751 autem
516 692 740 752 innumerabilis.
760 770 762 775 Ι
781 692 830 750 An
850 691 913 750 sine
933 691 1057 750 nomini·

257 787 311 846 bus
325 791 413 848 suntl
453 789 535 848 Istud
549 789 664 864 quidem
679 789 720 848 ita
732 789 812 848 vobis
826 789 922 847 dicere
935 807 1056 849 necesse

257 895 317 956 est;
337 887 407 962 quid
428 887 505 947 enim
519 886 629 959 attinet,
644 905 711 960 cum
725 905 783 956 una
803 886 892 953 facies
911 886 958 958 sit,
972 886 1056 963 plura

227 986 244 1037 t
256 1000 320 1041 esse
332 982 469 1041 nominat
501 982 601 1045 Quum
610 983 716 1041 bellum
727 968 798 1054 erat,
809 981 914 1053 Vellei,
923 982 1055 1041 confiteri

255 1079 351 1156 potius
364 1080 477 1139 nescire
486 1080 563 1155 qnod
573 1080 710 1152 nescires,
718 1097 804 1156 quam
815 1079 869 1137 ista
878 1079 1055 1162 effutientem

256 1163 405 1247 nauseire,
427 1187 511 1252 atque
531 1176 624 1252 ipsum
651 1176 703 1235 tibi
730 1165 903 1252 displiceret
943 1176 992 1233 An
1020 1187 1050 1235 tu

255 1272 313 1331 mei
326 1273 448 1331 similem
461 1284 544 1348 putus
557 1292 620 1333 esse
641 1284 689 1331 aut
703 1273 745 1331 tui
765 1265 879 1331 Deuml
920 1271 1056 1331 Profecto

255 1388 313 1428 non
333 1381 433 1452 putes.¹
464 1371 548 1433 Quid
567 1372 659 1448 ergcl
700 1370 797 1428 Solem
818 1369 923 1441 dicam,
945 1381 994 1427 sut
1014 1371 1056 1427 lu·

212 1471 242 1521 1⁰
255 1485 331 1538 nam,
354 1481 402 1525 cut
417 1467 535 1539 culum,
555 1466 671 1525 Deuml
711 1466 791 1543 Ergo
815 1466 902 1523 etiam
920 1466 1055 1528 beatuml

254 1563 372 1625 Quibus
406 1564 545 1622 fruentem
578 1563 792 1640 voluptatibusl
825 1573 855 1622 et
873 1559 1052 1638 sapienteml

254 1658 318 1722 Qui
338 1671 431 1736 potest
451 1679 514 1718 esse
541 1660 571 1719 in
597 1659 736 1737 ejusmodi
763 1669 867 1717 trunco
893 1658 1053 1734 snpientinl

181 1756 217 1829 ’ἶ
255 1755 331 1843 Huc
349 1768 442 1839 vestra
460 1766 535 1815 sunt.
578 1757 611 1814 Si
632 1756 719 1834 igitur
745 1774 801 1814 nec
827 1755 954 1813 humane
980 1754 1053 1828 visu,

256 1838 450 1935 quod‘dccui}
472 1873 527 1912 nec
540 1854 590 1913 tuli
605 1854 710 1930 ulique,
724 1854 801 1929 qued
814 1853 866 1911 tibi
881 1854 921 1912 ita
939 1872 1055 1930 persua·

211 1952 242 2002 15
255 1971 319 2010 sum
332 1963 391 2022 est,
413 1951 482 2027 quid
502 1951 616 2009 dubitas
636 1969 742 2028 negare
763 1950 843 2009 Deos
862 1952 943 2009 essel
983 1951 1054 2011 Nou

256 2049 351 2107 nudes.
393 2049 543 2124 Sapienter
564 2047 592 2106 id
614 2047 740 2124 quidem,
760 2047 813 2106 etsi
834 2047 975 2106 hocloco
995 2067 1053 2107 non

253 2145 391 2223 populum
423 2144 537 2217 metuis,
565 2144 615 2203 sed
650 2144 726 2220 ipsos
753 2144 840 2203 Deos.
894 2143 972 2203 Novi
998 2163 1054 2222 ego

255 2241 414 2318 Epicureos
427 2241 525 2299 omnia
538 2241 638 2326 „sigillis
658 2228 857 2312 numerantem
878 2260 1051 2317 quamquam

159 2406 165 2410 ,
254 2340 338 2398 video
357 2339 502 2397 nonnullis
523 2338 613 2397 videri
632 2337 801 2414 Epicurum,
815 2357 853 2396 ne
872 2338 903 2396 in
923 2339 1056 2396 offensio·

209 2452 242 2503 20
254 2456 320 2497 nem
332 2436 552 2495 Atheniensium
564 2435 690 2506 caderet,
702 2435 795 2494 verbis
803 2435 953 2510 reliquisse
964 2434 1053 2504 Deos,

254 2554 288 2595 re
306 2533 461 2593 sustulisse.
501 2533 602 2609 Itaque
624 2535 653 2590 in
674 2532 730 2590 illis
749 2531 864 2590 selectis
883 2531 945 2607 ejus
964 2532 1055 2591 brevi·

255 2633 365 2708 busque
374 2630 531 2702 sententiis,
539 2649 609 2707 ques
620 2628 767 2705 appellatis
776 2638 870 2702 κυρίας
877 2629 971 2701 δόξας,
980 2629 1054 2702 haeo,

255 2742 288 2790 ut
307 2731 419 2807 opinor,
433 2728 526 2804 prima
545 2726 687 2785 sententis
700 2736 759 2784 est:
791 2724 879 2795 Quod
898 2726 1008 2784 beatum
1027 2733 1055 2785 et

255 2827 409 2885 immortale
429 2833 480 2898 est,
500 2824 533 2883 id
551 2843 599 2882 nec
620 2822 704 2881 hebet
727 2842 776 2881 nnc
796 2822 902 2881 exhibet
922 2823 1054 2898 cuiquam

210 2936 243 2987 25
255 2924 405 2999 segetium.

296 3115 412 3175 XXXI.
441 3115 476 3175 In
490 3115 544 3191 linc
559 3115 597 3172 itu
611 3110 903 3190 expositnsententiu,
918 3121 985 3169 sunt
1005 3110 1055 3188 qui

246 3212 431 3290 existiment,
454 3213 534 3292 quod
558 3211 609 3273 ille
632 3209 789 3306 inscientis
810 3207 1054 3286 ulnus-loquendi
