2409 3859
217 450 275 512 1u2
403 529 405 533 Ι
480 463 523 510 ru:
542 461 839 511 ursum-usuum.

280 532 301 560 d

296 611 395 670 XXV.
424 613 580 671 Saturnum
601 624 697 671 autem
717 631 783 670 eum
812 629 876 669 esse
896 611 1058 682 voluerunt,

258 708 307 784 qui
322 729 438 769 cursum
453 721 481 767 et
495 711 712 768 conversionem
725 709 881 786 spatiorum
896 727 930 766 ac
952 719 1059 783 tempo-

258 825 321 862 rum
336 807 505 879 contineret,
521 809 570 883 qui
584 807 665 864 Deus
678 807 780 863 Graece
794 806 824 862 id
844 805 938 880 ipsum
953 822 1057 862 nomeu

258 903 359 960 habet:
381 906 486 978 Κρόνος
501 905 577 961 enirn
592 904 712 974 dicitur,
733 902 782 978 qui
796 914 840 960 est
854 902 932 960 idem
945 903 1056 974 χρόνος,

231 1000 287 1057 sid
314 1013 367 1072 est,
388 1001 510 1076 spatium
537 1001 680 1076 temporis.
723 1001 869 1057 Saturnus
892 1010 989 1056 autem
1014 1007 1057 1055 est

259 1099 424 1173 appellatus,
446 1098 522 1173 quod
542 1108 684 1154 saturetur
713 1096 802 1154 aunis,
844 1096 892 1153 Ex
917 1115 951 1153 se
977 1095 1055 1153 euim

257 1204 339 1251 natos
373 1212 501 1251 comesse
534 1194 650 1270 fingitur
677 1194 788 1264 solitus,
816 1192 884 1268 quia
911 1191 1057 1249 consumit

257 1300 325 1347 aetas
339 1301 498 1366 temporum
513 1291 614 1366 spatia,
630 1291 768 1365 annisque
782 1288 935 1365 preteritis
949 1288 1044 1346 insutu

257 1387 383 1444 rabiliter
412 1388 549 1463 expletur.
582 1386 708 1444 Vinctus
736 1397 830 1444 autem
859 1405 876 1442 a
903 1385 988 1456 Jove,
1016 1403 1052 1443 ne

216 1481 459 1548 loimmoderatos
473 1502 575 1541 sursus
595 1484 722 1554 haberet,
738 1493 822 1557 utque
843 1492 874 1539 ut
894 1500 962 1540 eum
983 1480 1056 1566 side·

162 1594 165 1598 “
256 1598 321 1638 rum
341 1581 444 1639 vinclis
465 1581 601 1658 alligaret.
644 1581 701 1638 Sed
723 1580 784 1655 ipse
803 1578 929 1653 Jupiter,
952 1578 1054 1648 idest,

253 1676 366 1754 juvans
374 1687 472 1755 pater,
487 1697 572 1754 quem
586 1677 733 1736 conversis
747 1676 862 1734 casibus
876 1675 1053 1751 appellamus

256 1793 274 1833 a
276 1774 409 1852 juvando
429 1775 540 1847 Jovem,
557 1795 573 1832 a
592 1775 685 1851 postis
699 1782 787 1850 pater
806 1771 959 1848 divumque
972 1772 1056 1830 homi·

254 1891 374 1948 numque
388 1873 509 1930 dicitur:
532 1871 718 1946 amajoribus
739 1880 835 1926 autem
854 1867 963 1926 nostris
983 1867 1055 1945 opti·

215 1980 245 2030 15
254 1987 315 2024 mus
334 1969 490 2033 maximum
517 1978 546 2024 et
567 1967 684 2042 quidem
705 1976 771 2023 ante
798 1964 935 2040 optimus,
956 1964 987 2022 id
1012 1971 1055 2024 est

256 2063 544 2134 beneficentissimus,
559 2081 645 2136 quam
660 2062 810 2132 maximus,
825 2060 894 2135 quia
907 2060 1000 2137 majus
1013 2070 1055 2119 est

254 2169 391 2233 certeque
417 2159 535 2236 gratius,
556 2158 692 2233 prodesse
719 2158 853 2215 omnibus
879 2176 967 2232 quum
987 2175 1055 2233 opes

254 2275 373 2332 magnas
400 2256 513 2313 habere.
555 2254 645 2311 Hunc
665 2253 752 2331 igitur
772 2254 897 2321 Ennius,
918 2265 951 2311 ut
971 2271 1056 2330 supra

254 2353 324 2424 dixi,
338 2364 486 2428 nuncupat
499 2352 540 2410 ita
553 2352 665 2422 disens,

214 2506 271 2555 20“
279 2501 370 2566 Aspice
392 2500 441 2549 hoe
463 2501 568 2550 sublime
590 2499 709 2561 candens,
731 2513 805 2562 quem
826 2497 948 2548 invocant
969 2513 1056 2548 omnen

381 2583 496 2632 Jovem.'’

254 2702 429 2778 Planiusque
445 2701 500 2759 alio
513 2701 579 2758 loco
592 2699 679 2772 idem,

255 2839 271 2866 ‘²
281 2834 342 2895 Cur,
354 2834 420 2897 quod
430 2833 457 2882 in
468 2803 507 2881 rne
524 2838 571 2894 est,
581 2832 730 2880 exsecrabor
745 2829 802 2890 hoe,
813 2829 879 2892 quod
896 2830 975 2893 lucet,
986 2831 1055 2894 quid·

381 2914 440 2978 quid
450 2917 506 2962 est?
515 2914 529 2934 ”

255 3031 345 3091 Hunc
372 3033 458 3092 etiarn
486 3050 610 3109 augures
632 3030 735 3101 nostri,
766 3028 1056 3102 catadromum

252 3130 401 3211 fulgente,
425 3139 558 3190 tonante:
586 3131 688 3188 dicunt
713 3129 801 3202 enim,
822 3128 890 3187 calo
906 3127 1056 3206 fulgente,
