2409 3859
200 459 242 521 92
467 471 510 517 ua
531 470 665 519 aurum
683 471 828 518 nuoauu.

244 618 289 677 Ea
303 619 457 679 difficultas
471 621 584 680 induxit
595 633 623 679 et
636 622 723 699 vulgo
733 620 889 698 imperitos,
901 631 932 679 et
942 621 1049 680 similes

244 717 428 794 philosophos
442 719 650 795 imperitorum,
665 729 706 791 ut,
716 718 773 777 nisi
786 718 886 796 figuris
900 718 1049 777 hominum

245 814 419 887 constitutis,
447 815 520 873 nihil
547 826 664 892 possent
692 815 728 874 de
755 814 811 873 Dis
837 814 1051 875 immortalibus

139 904 147 920 ”
245 913 381 990 cogitare.
437 914 529 991 Cujus
555 915 701 991 opinionis
727 915 828 972 levitas
855 915 1008 974 confutata
1035 933 1051 975 a

215 1010 341 1079 oculta,
357 1029 415 1068 non
428 1011 573 1069 desiderat
585 1012 744 1069 orationem
759 1029 861 1068 meam.
881 1059 883 1064 .
904 1012 964 1070 Sed
985 1030 1051 1071 cum

244 1108 330 1165 talem
345 1127 407 1165 esse
421 1107 516 1164 Deum
538 1120 618 1166 certa
638 1109 757 1166 notione
778 1108 867 1166 animi
887 1112 1053 1185 prasentia·

244 1223 318 1275 mus,
332 1204 456 1279 primum
471 1214 502 1261 ut
522 1205 559 1262 sit
580 1205 720 1276 animans,
735 1205 840 1262 deinde
860 1216 892 1263 ut
913 1206 944 1264 in
973 1203 1052 1277 omni

244 1308 347 1355 nature
360 1299 431 1356 nihil
447 1317 482 1356 eo
496 1300 532 1356 sit
552 1300 752 1376 praestantius:
775 1300 810 1358 ad
832 1301 909 1358 hanc
929 1320 1054 1378 praesen-

244 1394 355 1452 sionem
375 1396 580 1472 notionemque
605 1408 742 1470 nostram,
762 1397 834 1455 nihil
863 1398 949 1456 video
976 1398 1051 1474 quod

201 1512 233 1561 10
244 1492 340 1568 potius
354 1494 581 1566 accommodem,
591 1514 677 1570 quam
686 1506 717 1553 ut
726 1494 852 1571 primum
863 1494 943 1553 huno
958 1496 1052 1572 ipsum

245 1591 468 1667 mundumque
489 1592 559 1649 nihil
581 1593 769 1650 excellentius
790 1591 852 1649 fieri
872 1603 978 1669 potest,
994 1593 1054 1652 ani·

245 1701 371 1746 mantem
386 1707 448 1747 esse
462 1699 490 1748 et
504 1689 601 1747 Deum
611 1689 749 1764 judicem.
791 1688 853 1746 Hic
867 1708 954 1765 quam
976 1691 1053 1749 volet

244 1784 391 1862 Epicurus
402 1787 526 1863 jocetur,
543 1787 631 1844 homo
643 1805 702 1844 non
718 1786 881 1863 aptissimus
896 1786 932 1843 ad
951 1786 1052 1863 jocan-

245 1881 324 1953 dum,
346 1883 521 1959 minimeque
541 1884 684 1960 resipiens
702 1883 841 1960 patriam3
871 1893 899 1940 et
920 1883 1001 1942 dicat
1020 1900 1052 1945 ue

201 1989 233 2040 15
245 1997 303 2035 non
317 1998 399 2054 posse
413 1981 584 2057 intelligere,
599 1981 693 2056 qualis
707 1981 744 2038 sit
758 1980 891 2038 volubilis
905 1991 934 2038 et
955 1992 1054 2040 rotun·

245 2074 299 2143 dus
313 2073 410 2132 Deus:
432 2087 527 2133 tamen
542 2094 577 2133 ex
592 2077 657 2147 hoc,
672 2077 849 2151 quodetiam
864 2076 926 2153 ipse
938 2079 1051 2153 probat,

244 2189 393 2246 nunquam
421 2190 468 2229 me
494 2172 628 2230 movebit.
670 2172 771 2230 Placet
797 2173 875 2231 enim
910 2173 953 2231 illi
987 2192 1052 2235 esse

245 2267 334 2340 Deos,
349 2269 417 2344 quia
437 2287 556 2327 necesse
577 2269 614 2327 sit
633 2280 818 2346 praestantem
838 2288 902 2329 esse
923 2270 1051 2348 aliquam

244 2375 386 2438 naturam,
411 2386 468 2442 qua
495 2367 567 2425 nihil
594 2367 631 2425 sit
659 2367 770 2426 melius.
812 2366 927 2427 Mundo
954 2380 1050 2429 autem

200 2469 233 2520 uo
246 2473 324 2520 certe
337 2462 409 2520 nihil
430 2475 474 2522 est
493 2465 606 2523 melius.
647 2463 714 2522 Nec
728 2463 859 2536 dubium,
874 2465 957 2539 quio,
973 2464 1050 2542 quod

246 2559 375 2618 animans
401 2559 448 2630 sit,
471 2561 631 2637 habeatque
658 2579 774 2619 sensum
801 2571 830 2618 et
857 2561 1001 2620 rationem
1021 2573 1050 2622 et

245 2667 380 2729 mentem,
396 2657 424 2714 id
439 2657 476 2715 sit
491 2658 603 2726 melius,
619 2678 704 2735 quam
727 2658 756 2715 id
777 2657 854 2734 quod
875 2658 920 2716 his
941 2670 1047 2718 careat.

243 2752 290 2812 Ita
309 2755 432 2813 efficitur
453 2756 638 2828 animantem,
660 2775 770 2828 sensus,
793 2756 907 2825 mentis,
929 2758 1049 2816 rationis

244 2852 383 2910 muudum
411 2871 474 2910 esse
508 2866 690 2928 compotem:
724 2872 782 2928 qua
815 2854 926 2912 ratione
953 2854 1049 2913 Deum

200 2962 232 3013 25
244 2967 307 3006 esse
321 2950 459 3007 mundum
481 2951 673 3009 concluditur.
714 2951 774 3009 Sed
796 2952 858 3008 haec
877 2952 966 3027 paulo
984 2962 1049 3028 post

244 3045 358 3104 facilius
385 3057 597 3124 cognoscentur
624 3067 660 3107 ex
688 3048 723 3106 iis
750 3048 835 3106 rebus
869 3048 949 3124 ipsis,
978 3068 1048 3125 quaa

241 3143 369 3203 mundus
382 3144 479 3203 efficit.
