2409 3859
454 464 566 537 ¹attona
583 464 616 513 11.
635 434 671 513 sa
971 452 1013 514 8³

171 616 393 693 intepescunt,
414 624 446 672 ut
463 614 585 694 intelligi
606 614 691 674 facile
710 615 809 692 possit,
830 615 861 674 in
880 613 967 673 tantis

169 713 222 773 illis
248 711 422 772 humoribus
447 731 510 771 csse
535 713 679 771 inclusum
713 715 847 772 calorem.
900 712 967 771 Nec

168 811 242 871 cuim
270 811 322 869 ille
349 819 483 867 externus
509 821 538 868 et
559 811 736 869 adventicius
757 810 905 868 habendus
924 821 968 868 est

168 918 256 985 tepor,
276 907 330 966 sed
351 925 389 965 ex
409 905 517 965 intimis
543 907 631 964 maris
656 909 784 983 partibus
812 907 967 984 agitatione

167 988 324 1063 excitatus:
346 1002 424 1078 quod
437 1003 539 1061 nostris
551 1022 665 1080 quoque
676 1005 844 1081 corporibus
857 1004 968 1061 contin·
980 1015 997 1063 5

167 1101 218 1179 git,
238 1120 307 1159 cum
327 1109 410 1157 motu
438 1110 534 1175 atque¹
549 1100 753 1158 exercitatione
779 1100 966 1159 recalescunt.

166 1196 231 1274 Ipse
257 1216 327 1257 vero
357 1201 417 1268 abr,
438 1196 487 1272 qui
506 1206 610 1254 natura
629 1207 673 1254 est
692 1198 815 1255 maxime
835 1197 967 1274 frigidus,

166 1295 282 1353 minime
310 1303 355 1352 est
383 1312 484 1369 expers
511 1293 624 1350 caloris.
664 1294 718 1352 Ille
738 1313 805 1352 vero
827 1305 856 1351 et
876 1295 966 1352 multo

166 1392 280 1467 quidem
294 1391 394 1448 calore
408 1390 549 1447 admixtus
569 1399 628 1448 est:
651 1390 710 1466 ipse
731 1391 808 1448 enirn
828 1391 918 1448 oritur
932 1409 967 1448 ex

166 1489 355 1565 respiratione
377 1505 528 1562 aquarum:
557 1505 654 1544 earum
682 1487 759 1545 enirn
780 1487 861 1563 quasi
881 1505 967 1561 vapor
982 1495 1012 1543 10

166 1585 279 1661 quidam
294 1589 346 1643 aer
360 1583 509 1641 habendus
529 1593 590 1654 est3
613 1583 637 1641 is
658 1594 752 1642 autem
774 1583 869 1642 existit
889 1592 967 1639 motu

166 1681 225 1759 ejus
238 1681 357 1748 caloris,
372 1679 422 1754 qui
437 1680 517 1756 aquis
531 1679 704 1737 continetur.
745 1680 844 1741 Quam
865 1678 965 1735 simili·

165 1778 293 1836 tudinem
329 1795 449 1834 cernere
475 1795 627 1852 possumus
655 1776 683 1832 in
718 1776 753 1833 iis
788 1774 877 1849 aquis,
905 1793 968 1849 quae

165 1875 355 1933 effervescunt
375 1873 497 1931 subditis
517 1872 641 1950 ignibus.
683 1872 750 1929 Jarn
770 1889 838 1929 vero
858 1871 969 1946 reliqua

166 1983 264 2047 quarta
277 1991 346 2048 pars
359 1970 460 2028 mundi
481 1989 515 2027 ea
535 1969 639 2045 etipsa
659 1980 719 2027 tota
739 1980 841 2028 natura
861 1969 968 2027 fervida
982 1977 1013 2025 15

166 2081 217 2142 est,
230 2080 259 2128 et
273 2069 380 2128 ceteris
393 2069 502 2126 naturis
516 2068 649 2125 omnibus
670 2069 821 2126 salutarem
843 2067 968 2144 impertit

166 2175 195 2224 et
212 2167 330 2225 vitalem
353 2165 487 2223 calorem.
529 2165 575 2222 Ex
601 2183 659 2239 quo
686 2165 878 2238 concluditur,
900 2186 967 2224 oum

165 2280 264 2322 omnes
278 2261 381 2319 mundi
394 2272 489 2337 partes
503 2262 697 2319 sustineantur
711 2262 816 2332 calore,
829 2264 967 2320 mundum

166 2360 250 2419 etiam
264 2361 361 2436 ipsum
375 2359 461 2416 simili
475 2359 593 2434 parique
608 2370 710 2416 natura
723 2359 753 2415 in
767 2370 846 2417 tanta
860 2361 968 2417 diutur-

166 2456 254 2515 nitate
268 2455 394 2514 servari:
416 2473 508 2530 eoque
522 2455 624 2531 magis,
640 2456 716 2530 quod
730 2456 851 2534 intelligi
872 2457 966 2526 debet,
980 2481 1012 2530 20

167 2554 293 2611 calidum
318 2552 391 2610 illud
412 2563 497 2627 atque
518 2553 636 2629 igneum
656 2553 696 2610 ita
717 2553 746 2610 in
767 2555 845 2611 omni
872 2554 966 2610 fusum

166 2667 228 2709 esse
240 2661 355 2721 natura,
371 2659 402 2706 ut
417 2650 445 2706 in
460 2668 495 2706 eo
510 2650 577 2707 insit
590 2651 762 2726 procreandi
775 2652 818 2709 vis
831 2662 859 2708 et
881 2668 968 2706 causa

166 2746 315 2824 gignendi,
328 2765 413 2821 aquo
424 2756 452 2803 et
463 2747 621 2805 animantia
633 2747 740 2819 omnia,
752 2759 780 2805 et
794 2767 829 2806 ea
842 2765 964 2822 quorum

167 2842 268 2920 stirpes
281 2854 361 2901 terra
382 2842 576 2915 continentur,
592 2854 622 2901 et
641 2843 722 2901 nasci
742 2844 780 2901 sit
799 2861 918 2901 necesse
938 2854 968 2901 et

168 2960 333 3021 augescere.
979 2972 1012 3021 25

203 3136 258 3195 XI.
288 3135 403 3193 Natura
416 3147 459 3194 eet
472 3137 569 3215 igitur,
585 3157 649 3214 quae
664 3136 811 3194 contineat
825 3137 965 3196 mundum

166 3250 280 3293 omnem
294 3251 419 3308 eumque
439 3245 564 3315 tueatur,
586 3246 617 3298 et
637 3254 675 3297 ea
693 3233 818 3314 thdern
831 3229 983 3295 nondinis
