2409 3859
195 436 236 497 78
464 447 507 493 ur:
526 447 662 494 nanum
679 448 827 495 nnonuru.

241 589 333 657 Deus.
375 597 425 657 An
445 616 523 671 vero,
545 599 570 661 si
590 599 709 657 domum
729 618 866 677 magnam
886 599 1045 676 pulchram·

241 717 298 774 que
311 697 426 770 rideris,
441 717 500 756 non
514 699 608 774 possis
622 699 738 770 adduci,
753 710 795 771 ut,
809 699 900 778 etiarn
914 699 940 757 si
960 699 1045 757 dorni·

241 815 310 854 num
326 814 385 853 non
399 796 506 867 videas,
521 796 654 853 muribus
667 796 744 853 illam
759 807 789 854 et
809 796 945 855 mustelis
964 796 1046 855 editi·

136 910 139 915 ·
241 905 335 952 catam
344 905 443 970 putes:
464 904 575 952 tantum
589 913 659 972 ergo
670 905 802 952 urriatum
816 895 931 967 mundi,
941 906 1046 953 tantam

212 992 410 1052 brarietatem
437 992 740 1068 pulchritudinemque
759 1011 857 1050 rerum
878 992 1045 1064 caelestium,

243 1102 353 1149 tantam
374 1091 431 1148 vim
451 1101 481 1149 et
500 1090 729 1167 magnitudinem
753 1090 841 1149 meris
861 1101 951 1167 atque
965 1102 1048 1149 terra·

243 1209 317 1261 rum,
332 1189 451 1247 situum
467 1207 502 1246 ac
522 1207 579 1247 non
594 1187 724 1246 Deorum
740 1188 945 1246 immortalium
960 1189 1048 1246 dorni·

245 1289 345 1347 cilium
358 1300 452 1365 putes,
469 1307 566 1346 noune
579 1288 665 1364 plane
679 1287 808 1363 desipere
822 1286 961 1347 ridearei
1002 1288 1048 1347 An

244 1405 282 1444 ne
309 1387 365 1444 hoc
385 1387 502 1463 quidem
524 1385 722 1462 intelligimus,
742 1385 841 1442 omnia
860 1404 968 1462 supera
988 1404 1048 1444 esse

200 1493 231 1544 10
245 1484 384 1542 rnelioral
404 1494 510 1542 terram
525 1494 621 1541 autern
636 1500 699 1540 esse
713 1481 851 1554 infimam,
865 1500 955 1558 quam
976 1500 1049 1542 oras·

244 1583 375 1639 sissimus
403 1581 617 1639 circumfundat
644 1581 713 1638 aeri
741 1590 773 1638 ut
799 1581 838 1637 ob
863 1581 1049 1658 eam‘ipsam

246 1698 374 1749 causam,
389 1678 465 1754 quod
480 1679 567 1736 etiarn
582 1678 754 1759 quibusdam
775 1677 944 1755 regionibus
966 1690 1050 1757 atque

243 1778 364 1836 urbibus
398 1777 566 1853 contingere
591 1775 732 1846 videmus,
760 1775 909 1833 hebetiora
935 1786 969 1835 ut
997 1777 1051 1835 sint

244 1875 394 1932 hominum
406 1873 523 1952 ingenia
533 1886 648 1950 propter
660 1873 723 1931 caeli
733 1873 891 1948 pleniorem
906 1888 1049 1948 naturam,

201 1986 232 2036 15
245 1972 301 2028 hoc
316 1972 391 2029 idem
407 1972 506 2048 generi
528 1972 654 2028 humano
668 1970 805 2042 evenerit,
820 1970 897 2046 quod
920 1971 949 2028 in
964 1982 1049 2044 terra,

246 2069 303 2125 hoe
330 2080 372 2126 est
400 2069 430 2126 in
458 2069 636 2125 crassissima
656 2068 775 2146 regione
788 2068 898 2135 mundi,
915 2070 1050 2128 collocati

245 2166 311 2223 sint.
355 2166 393 2222 Et
413 2176 509 2222 tamen
530 2185 566 2223 ex
586 2166 649 2240 ipsa
669 2165 819 2223 horninum
839 2165 969 2225 sollertia
989 2186 1051 2226 esse

246 2262 371 2338 aliquam
387 2272 522 2333 mentem,
534 2272 563 2319 et
577 2281 641 2320 earn
655 2263 770 2338 quidem
787 2261 927 2319 acriorem
942 2276 972 2321 et
983 2264 1052 2322 divi·

244 2379 322 2432 nam,
338 2356 500 2418 existimare
515 2360 660 2418 debemus.
708 2358 787 2417 Unde
800 2360 872 2417 enim
885 2361 960 2418 hanc
975 2362 1051 2420 homo

197 2470 233 2520 ’10
246 2459 396 2534 arripuit?
425 2468 457 2516 ut
485 2458 523 2515 ait
552 2459 626 2533 apud
654 2457 877 2532 Xenophontem
905 2459 1050 2518 Socrates.

244 2557 328 2619 Quin
357 2566 385 2612 et
412 2557 561 2613 humorem
582 2567 612 2613 et
632 2555 756 2612 calorem
778 2554 827 2629 qui
849 2567 893 2612 est
920 2555 1003 2615 fusus
1023 2557 1051 2615 iu

246 2673 376 2731 corpore,
392 2665 419 2711 et
440 2665 583 2711 terrenam
598 2653 686 2729 ipsam
702 2652 845 2709 viscerum
864 2652 1051 2726 soliditatem,

246 2751 374 2808 animum
390 2750 514 2826 denique
535 2750 615 2808 illum
638 2749 800 2825 spirabilem
815 2748 919 2824 siquis
944 2766 1053 2825 quaerat

246 2848 324 2905 unde
345 2848 499 2917 habemus3
523 2857 649 2923 apparet,
665 2846 741 2922 quod
756 2846 834 2903 aliud
849 2865 865 2903 a
879 2857 956 2903 terra
977 2866 1054 2906 sum·

202 2955 233 3005 25
246 2945 347 3016 simus,
364 2945 441 3001 aliud
464 2945 498 3001 ab
521 2945 651 3016 humore,
667 2944 744 3002 aliud
766 2944 802 3002 ab
822 2943 893 3021 igni,
915 2944 996 3003 aliud
1019 2947 1054 3004 ab

248 3050 316 3104 aere
329 3065 374 3118 eo,
390 3064 474 3121 quem
489 3045 590 3121 spiritu
605 3045 746 3103 ducimus.

283 3239 348 3301 Vll.
384 3240 465 3303 lllud
493 3251 605 3316 autem,
631 3237 713 3318 quod
734 3238 830 3296 vincat
854 3237 924 3294 bes
945 3241 1063 3321 omnia,
