2409 3859
447 683 488 727 DE
508 680 642 727 NATURA
661 680 806 728 DEORUM.

225 849 290 906 pars
304 849 402 890 earum
418 831 536 908 appulsu
550 829 619 888 solis
633 830 778 898 exarserit,
789 848 856 907 pars
869 824 1030 907 obriguerit

225 929 291 986 nive
303 930 473 1006 pruinaque,
487 929 645 1007 longinquo
658 928 727 987 solis
741 905 891 987 abscessur
912 948 986 1005 qua,
1001 927 1026 986 si

225 1028 350 1084 muudus
376 1042 419 1085 est
445 1026 535 1097 Deus,
556 1025 693 1101 quoniam
713 1027 813 1083 mundi
833 1037 929 1102 partes
949 1037 1025 1097 suut,

225 1122 282 1180 Dei
303 1125 430 1182 membra
448 1123 552 1199 partim
574 1123 711 1194 ardentia,
732 1123 835 1199 partim
859 1123 1026 1200 refrigerata

196 1228 213 1276 5
226 1216 348 1278 dicenda
361 1230 435 1277 sunt.
477 1220 574 1293 Atque
588 1219 651 1277 haec
665 1219 781 1295 quidem
795 1229 897 1290 vestra,
912 1218 1025 1276 Lucili:

226 1317 320 1391 qualia
333 1336 400 1374 vero
421 1317 476 1374 alia
495 1317 563 1387 sint,
579 1317 614 1373 ab
634 1316 735 1374 ultimo
755 1326 881 1392 repetam
901 1317 1027 1391 superio·

226 1432 296 1470 rum.
338 1412 447 1470 Thales
468 1413 544 1470 enim
566 1412 708 1484 Milesius,
723 1413 771 1488 qui
793 1412 902 1489 primus
916 1412 952 1468 de
965 1412 1027 1470 tali-

226 1510 280 1567 bus
306 1511 391 1567 rebus
418 1510 559 1585 quaesivit,
575 1529 690 1585 ¹aquam
717 1510 788 1567 dixit
815 1527 877 1567 esse
911 1508 1024 1566 initium

226 1622 336 1661 rerum:
358 1605 454 1661 Deum
469 1615 573 1676 eutem,
589 1623 653 1661 eam
674 1615 808 1675 mentem,
824 1623 887 1678 quae
901 1621 937 1660 ex
952 1622 1024 1677 aqua

183 1711 332 1761 loeuucta
351 1701 479 1777 fingeret
522 1700 553 1758 Si
575 1699 615 1757 Di
635 1711 754 1776 possunt
775 1719 837 1758 esse
858 1700 920 1757 sine
941 1718 1026 1756 sensu

226 1990 324 2067 opinio
347 2001 399 2063 est,
424 1990 544 2067 nativos
558 2008 622 2047 esse
642 1939 730 2060 Deos,
754 1989 848 2065 longis
872 1988 1028 2045 intervallis

226 2086 350 2144 orientes
360 2087 596 2162 occidentesque,
604 2101 711 2161 eosque
720 2082 943 2141 innumerabiles
964 2101 1026 2141 esse

181 2193 212 2242 15
225 2185 356 2242 mundos.
398 2185 457 2242 Sed
471 2204 524 2242 nos
536 2183 642 2254 Deum,
652 2181 707 2239 nisi
721 2181 935 2256 sempiternum,
947 2180 1029 2239 intei-

225 2282 315 2358 ligere
342 2282 391 2357 qui
417 2282 588 2358 possumus?
629 2279 697 2337 Post
703 2279 929 2355 ,Anaximenes
959 2299 1028 2337 aera

227 2375 322 2434 Deum
337 2377 445 2448 statuit,
460 2394 583 2451 eumque
596 2375 688 2452 gigni,
703 2391 821 2448 esseque
842 2372 1025 2444 immensum,

226 2483 255 2530 et
274 2472 428 2544 infinitum,
450 2482 479 2530 et
499 2490 609 2548 semper
630 2471 660 2527 in
680 2481 777 2529 motu:
805 2470 886 2545 quasi
908 2480 956 2526 aut
977 2489 1027 2527 aer

226 2569 288 2627 sine
308 2568 366 2627 ulla
388 2569 478 2626 forme
492 2568 572 2626 Deus
586 2586 648 2624 esse
661 2566 761 2643 possit,
777 2584 844 2623 eum
869 2567 1027 2642 praesertim

181 2676 212 2726 20
225 2667 321 2725 Deum
343 2685 401 2723 non
421 2665 507 2723 modo
527 2664 673 2773 aliqua,
647 2664 697 2722 sed
716 2662 911 2740 pulcherrima
930 2664 1028 2738 specie

226 2765 327 2823 deceat
353 2783 432 2823 esse:
467 2773 515 2821 aut
542 2783 601 2824 non
634 2726 730 2834 orriire,
757 2761 834 2837 quod
859 2772 954 2818 ortum
980 2762 1027 2833 sit,

226 2863 383 2920 mortalitas
404 2871 607 2936 consequatur.

265 3055 319 3114 XI.
347 3056 419 3114 inde
438 3056 639 3133 Anaxagoras,
660 3056 712 3133 qui
733 3053 844 3129 accepit
865 3053 900 3110 ab
920 3051 1027 3109 Anaxi·

226 3170 309 3210 mene
323 3153 635 3230 disciplinam3primus
649 3152 782 3212 omnium
796 3167 888 3208 rerum
903 3146 1028 3224 descrip-

180 3251 212 3300 at
226 3247 333 3306 tionem
354 3260 382 3307 et
403 3259 522 3321 motum,
542 3249 652 3309 mentis
674 3247 793 3308 infinitae
813 3245 841 3302 vi
863 3244 1027 3301 roratione

226 3343 370 3427 designari
384 3356 413 3403 et
427 3344 530 3425 qqqfici
544 3347 656 3405 voluit:
681 3347 711 3404 in
731 3362 789 3419 quo
809 3360 866 3399 nou
886 3340 966 3412 vidit,
981 3358 1028 3399 ne·

207 3454 269 3511 que
280 3440 666 3523 motumsensqijuqemm
680 3432 1030 3521 et·eeat'rueuterrijiuirui-
