<?xml version="1.0" encoding="UTF-8"?>
<!DOCTYPE html PUBLIC "-//W3C//DTD XHTML 1.0 Transitional//EN"
    "http://www.w3.org/TR/xhtml1/DTD/xhtml1-transitional.dtd">
<html xmlns="http://www.w3.org/1999/xhtml" xml:lang="en" lang="en">
 <head>
  <title>
</title>
<meta http-equiv="Content-Type" content="text/html;charset=utf-8" />
  <meta name='ocr-system' content='tesseract 3.04.00' />
  <meta name='ocr-capabilities' content='ocr_page ocr_carea ocr_par ocr_line ocrx_word'/>
</head>
<body>
  <div class='ocr_page' id='page_1' title='image "./mtciceronisdena00cicegoog_0076.png"; bbox 0 0 2409 3859; ppageno 0'>
   <div class='ocr_carea' id='block_1_1' title="bbox 213 444 841 505">
    <p class='ocr_par' dir='ltr' id='par_1_1' title="bbox 213 444 841 505">
     <span class='ocr_line' id='line_1_1' title="bbox 213 444 841 505; baseline 0 -1"><span class='ocrx_word' id='word_1_1' title='bbox 213 444 252 505; x_wconf 83' lang='lat'><strong>7⁰</strong></span> <span class='ocrx_word' id='word_1_2' title='bbox 320 460 322 463; x_wconf 91' lang='lat'>·</span> <span class='ocrx_word' id='word_1_3' title='bbox 480 457 523 503; x_wconf 85' lang='lat' dir='ltr'><strong>on</strong></span> <span class='ocrx_word' id='word_1_4' title='bbox 542 458 677 504; x_wconf 72' lang='lat' dir='ltr'><strong>urruns</strong></span> <span class='ocrx_word' id='word_1_5' title='bbox 696 458 841 504; x_wconf 79' lang='lat' dir='ltr'><strong>unonuu.</strong></span> 
     </span>
    </p>
   </div>
   <div class='ocr_carea' id='block_1_2' title="bbox 209 605 1062 2630">
    <p class='ocr_par' dir='ltr' id='par_1_2' title="bbox 209 605 1062 2630">
     <span class='ocr_line' id='line_1_2' title="bbox 256 605 1060 684; baseline 0.006 -22"><span class='ocrx_word' id='word_1_6' title='bbox 256 605 372 676; x_wconf 87' lang='lat' dir='ltr'><strong>demici,</strong></span> <span class='ocrx_word' id='word_1_7' title='bbox 385 607 445 680; x_wconf 91' lang='lat' dir='ltr'><strong>sed,</strong></span> <span class='ocrx_word' id='word_1_8' title='bbox 461 618 493 665; x_wconf 89' lang='lat' dir='ltr'><strong>ut</strong></span> <span class='ocrx_word' id='word_1_9' title='bbox 506 609 607 680; x_wconf 85' lang='lat' dir='ltr'>nostri,</span> <span class='ocrx_word' id='word_1_10' title='bbox 622 609 753 666; x_wconf 87' lang='lat' dir='ltr'><strong>stabilem</strong></span> <span class='ocrx_word' id='word_1_11' title='bbox 767 619 934 684; x_wconf 79' lang='lat' dir='ltr'><strong>certamque</strong></span> <span class='ocrx_word' id='word_1_12' title='bbox 949 619 1060 668; x_wconf 83' lang='lat' dir='ltr'><strong>senten·</strong></span> 
     </span>
     <span class='ocr_line' id='line_1_3' title="bbox 255 703 1061 782; baseline 0.005 -21"><span class='ocrx_word' id='word_1_13' title='bbox 255 703 341 762; x_wconf 89' lang='lat' dir='ltr'><strong>tiam:</strong></span> <span class='ocrx_word' id='word_1_14' title='bbox 356 724 423 762; x_wconf 89' lang='lat' dir='ltr'><strong>nam</strong></span> <span class='ocrx_word' id='word_1_15' title='bbox 435 716 534 763; x_wconf 89' lang='lat' dir='ltr'><strong>contra</strong></span> <span class='ocrx_word' id='word_1_16' title='bbox 546 705 705 782; x_wconf 79' lang='lat' dir='ltr'><strong>Epicurum</strong></span> <span class='ocrx_word' id='word_1_17' title='bbox 717 706 786 763; x_wconf 90' lang='lat' dir='ltr'><strong>satis</strong></span> <span class='ocrx_word' id='word_1_18' title='bbox 797 725 940 782; x_wconf 78' lang='lat' dir='ltr'><strong>superque</strong></span> <span class='ocrx_word' id='word_1_19' title='bbox 950 707 1061 766; x_wconf 90' lang='lat' dir='ltr'><strong>dictum</strong></span> 
     </span>
     <span class='ocr_line' id='line_1_4' title="bbox 256 803 1060 879; baseline 0.005 -20"><span class='ocrx_word' id='word_1_20' title='bbox 256 812 307 859; x_wconf 89' lang='lat' dir='ltr'><strong>est.</strong></span> <span class='ocrx_word' id='word_1_21' title='bbox 349 803 408 860; x_wconf 86' lang='lat' dir='ltr'><strong>Sed</strong></span> <span class='ocrx_word' id='word_1_22' title='bbox 424 821 493 860; x_wconf 86' lang='lat' dir='ltr'><strong>aveo</strong></span> <span class='ocrx_word' id='word_1_23' title='bbox 504 803 614 873; x_wconf 87' lang='lat' dir='ltr'><strong>audire,</strong></span> <span class='ocrx_word' id='word_1_24' title='bbox 624 813 656 860; x_wconf 92' lang='lat' dir='ltr'><strong>tu</strong></span> <span class='ocrx_word' id='word_1_25' title='bbox 672 805 743 879; x_wconf 89' lang='lat' dir='ltr'><strong>ipse,</strong></span> <span class='ocrx_word' id='word_1_26' title='bbox 754 804 851 871; x_wconf 87' lang='lat' dir='ltr'><strong>Cotta,</strong></span> <span class='ocrx_word' id='word_1_27' title='bbox 864 804 933 879; x_wconf 91' lang='lat' dir='ltr'><strong>quid</strong></span> <span class='ocrx_word' id='word_1_28' title='bbox 944 805 1060 863; x_wconf 83' lang='lat' dir='ltr'><strong>sentias</strong></span> 
     </span>
     <span class='ocr_line' id='line_1_5' title="bbox 255 899 1061 976; baseline 0.005 -20"><span class='ocrx_word' id='word_1_29' title='bbox 255 899 314 970; x_wconf 91' lang='lat' dir='ltr'><strong>An,</strong></span> <span class='ocrx_word' id='word_1_30' title='bbox 330 899 433 975; x_wconf 92' lang='lat' dir='ltr'><strong>inquit,</strong></span> <span class='ocrx_word' id='word_1_31' title='bbox 448 900 554 957; x_wconf 90' lang='lat' dir='ltr'><strong>oblitus</strong></span> <span class='ocrx_word' id='word_1_32' title='bbox 568 920 599 958; x_wconf 89' lang='lat' dir='ltr'><strong>es</strong></span> <span class='ocrx_word' id='word_1_33' title='bbox 613 901 690 976; x_wconf 93' lang='lat' dir='ltr'><strong>quod</strong></span> <span class='ocrx_word' id='word_1_34' title='bbox 706 901 789 958; x_wconf 90' lang='lat' dir='ltr'><strong>initio</strong></span> <span class='ocrx_word' id='word_1_35' title='bbox 802 901 934 972; x_wconf 81' lang='lat' dir='ltr'><strong>dixerim,</strong></span> <span class='ocrx_word' id='word_1_36' title='bbox 947 902 1061 960; x_wconf 81' lang='lat' dir='ltr'><strong>facilius</strong></span> 
     </span>
     <span class='ocr_line' id='line_1_6' title="bbox 227 993 1062 1073; baseline 0.005 -20"><span class='ocrx_word' id='word_1_37' title='bbox 227 1004 312 1068; x_wconf 74' lang='lat' dir='ltr'><strong>ome,</strong></span> <span class='ocrx_word' id='word_1_38' title='bbox 328 993 433 1054; x_wconf 84' lang='lat' dir='ltr'><strong>talibus</strong></span> <span class='ocrx_word' id='word_1_39' title='bbox 452 997 611 1073; x_wconf 69' lang='lat' dir='ltr'><strong>praesertim</strong></span> <span class='ocrx_word' id='word_1_40' title='bbox 632 997 668 1055; x_wconf 87' lang='lat' dir='ltr'><strong>de</strong></span> <span class='ocrx_word' id='word_1_41' title='bbox 689 999 784 1070; x_wconf 87' lang='lat' dir='ltr'><strong>rebus,</strong></span> <span class='ocrx_word' id='word_1_42' title='bbox 806 998 874 1073; x_wconf 89' lang='lat' dir='ltr'><strong>quid</strong></span> <span class='ocrx_word' id='word_1_43' title='bbox 895 1016 955 1057; x_wconf 86' lang='lat' dir='ltr'><strong>non</strong></span> <span class='ocrx_word' id='word_1_44' title='bbox 976 999 1062 1057; x_wconf 89' lang='lat' dir='ltr'><strong>senti·</strong></span> 
     </span>
     <span class='ocr_line' id='line_1_7' title="bbox 247 1094 1060 1172; baseline 0.005 -22"><span class='ocrx_word' id='word_1_45' title='bbox 247 1111 328 1165; x_wconf 81' lang='lat' dir='ltr'><strong>rem,</strong></span> <span class='ocrx_word' id='word_1_46' title='bbox 343 1112 428 1169; x_wconf 87' lang='lat' dir='ltr'><strong>quam</strong></span> <span class='ocrx_word' id='word_1_47' title='bbox 450 1094 518 1169; x_wconf 90' lang='lat' dir='ltr'><strong>quid</strong></span> <span class='ocrx_word' id='word_1_48' title='bbox 539 1095 687 1167; x_wconf 80' lang='lat' dir='ltr'><strong>sentirem,</strong></span> <span class='ocrx_word' id='word_1_49' title='bbox 701 1113 786 1172; x_wconf 88' lang='lat' dir='ltr'><strong>posse</strong></span> <span class='ocrx_word' id='word_1_50' title='bbox 806 1095 928 1153; x_wconf 82' lang='lat' dir='ltr'><strong>dicerel</strong></span> <span class='ocrx_word' id='word_1_51' title='bbox 969 1095 1060 1158; x_wconf 78' lang='lat' dir='ltr'><strong>Quod</strong></span> 
     </span>
     <span class='ocr_line' id='line_1_8' title="bbox 256 1190 1062 1267; baseline 0.005 -21"><span class='ocrx_word' id='word_1_52' title='bbox 256 1190 279 1246; x_wconf 91' lang='lat' dir='ltr'><strong>si</strong></span> <span class='ocrx_word' id='word_1_53' title='bbox 294 1191 429 1247; x_wconf 87' lang='lat' dir='ltr'><strong>haberem</strong></span> <span class='ocrx_word' id='word_1_54' title='bbox 444 1191 561 1266; x_wconf 89' lang='lat' dir='ltr'><strong>aliquid,</strong></span> <span class='ocrx_word' id='word_1_55' title='bbox 577 1191 653 1267; x_wconf 93' lang='lat' dir='ltr'><strong>quod</strong></span> <span class='ocrx_word' id='word_1_56' title='bbox 667 1192 798 1267; x_wconf 89' lang='lat' dir='ltr'><strong>liqueret,</strong></span> <span class='ocrx_word' id='word_1_57' title='bbox 815 1204 912 1251; x_wconf 91' lang='lat' dir='ltr'><strong>tamen</strong></span> <span class='ocrx_word' id='word_1_58' title='bbox 929 1204 959 1251; x_wconf 90' lang='lat' dir='ltr'><strong>te</strong></span> <span class='ocrx_word' id='word_1_59' title='bbox 979 1192 1062 1250; x_wconf 80' lang='lat' dir='ltr'><strong>uicis·</strong></span> 
     </span>
     <span class='ocr_line' id='line_1_9' title="bbox 255 1285 1060 1365; baseline 0.006 -23"><span class='ocrx_word' id='word_1_60' title='bbox 255 1285 308 1342; x_wconf 89' lang='lat' dir='ltr'><strong>sim</strong></span> <span class='ocrx_word' id='word_1_61' title='bbox 331 1286 431 1344; x_wconf 90' lang='lat' dir='ltr'><strong>audire</strong></span> <span class='ocrx_word' id='word_1_62' title='bbox 451 1288 564 1360; x_wconf 88' lang='lat' dir='ltr'><strong>vellem,</strong></span> <span class='ocrx_word' id='word_1_63' title='bbox 580 1308 646 1345; x_wconf 91' lang='lat' dir='ltr'><strong>cum</strong></span> <span class='ocrx_word' id='word_1_64' title='bbox 666 1289 726 1365; x_wconf 87' lang='lat' dir='ltr'><strong>ipse</strong></span> <span class='ocrx_word' id='word_1_65' title='bbox 740 1300 798 1346; x_wconf 89' lang='lat' dir='ltr'><strong>tam</strong></span> <span class='ocrx_word' id='word_1_66' title='bbox 813 1289 902 1346; x_wconf 88' lang='lat' dir='ltr'><strong>multa</strong></span> <span class='ocrx_word' id='word_1_67' title='bbox 916 1289 1060 1348; x_wconf 83' lang='lat' dir='ltr'><strong>dixissem.</strong></span> 
     </span>
     <span class='ocr_line' id='line_1_10' title="bbox 255 1382 1060 1462; baseline 0.006 -23"><span class='ocrx_word' id='word_1_68' title='bbox 255 1382 335 1440; x_wconf 90' lang='lat' dir='ltr'><strong>Tum</strong></span> <span class='ocrx_word' id='word_1_69' title='bbox 349 1383 474 1454; x_wconf 89' lang='lat' dir='ltr'><strong>Balbus;</strong></span> <span class='ocrx_word' id='word_1_70' title='bbox 496 1385 603 1442; x_wconf 87' lang='lat' dir='ltr'><strong>Geram</strong></span> <span class='ocrx_word' id='word_1_71' title='bbox 618 1385 670 1442; x_wconf 90' lang='lat' dir='ltr'><strong>tibi</strong></span> <span class='ocrx_word' id='word_1_72' title='bbox 685 1404 804 1456; x_wconf 89' lang='lat' dir='ltr'><strong>morem,</strong></span> <span class='ocrx_word' id='word_1_73' title='bbox 819 1397 848 1442; x_wconf 93' lang='lat' dir='ltr'><strong>et</strong></span> <span class='ocrx_word' id='word_1_74' title='bbox 869 1404 953 1462; x_wconf 83' lang='lat' dir='ltr'><strong>agam</strong></span> <span class='ocrx_word' id='word_1_75' title='bbox 974 1405 1060 1462; x_wconf 86' lang='lat' dir='ltr'><strong>quam</strong></span> 
     </span>
     <span class='ocr_line' id='line_1_11' title="bbox 211 1478 1060 1557; baseline 0.002 -21"><span class='ocrx_word' id='word_1_76' title='bbox 211 1487 241 1537; x_wconf 79' lang='lat'><strong>10</strong></span> <span class='ocrx_word' id='word_1_77' title='bbox 256 1478 423 1536; x_wconf 89' lang='lat' dir='ltr'><strong>brevissime</strong></span> <span class='ocrx_word' id='word_1_78' title='bbox 456 1491 573 1554; x_wconf 91' lang='lat' dir='ltr'><strong>potero:</strong></span> <span class='ocrx_word' id='word_1_79' title='bbox 609 1482 727 1552; x_wconf 84' lang='lat' dir='ltr'><strong>etenim,</strong></span> <span class='ocrx_word' id='word_1_80' title='bbox 761 1480 904 1538; x_wconf 86' lang='lat' dir='ltr'><strong>convictis</strong></span> <span class='ocrx_word' id='word_1_81' title='bbox 938 1480 1060 1557; x_wconf 89' lang='lat' dir='ltr'><strong>Epicuri</strong></span> 
     </span>
     <span class='ocr_line' id='line_1_12' title="bbox 255 1576 1061 1654; baseline 0.004 -22"><span class='ocrx_word' id='word_1_82' title='bbox 255 1576 409 1648; x_wconf 88' lang='lat' dir='ltr'><strong>erroribus,</strong></span> <span class='ocrx_word' id='word_1_83' title='bbox 438 1576 526 1654; x_wconf 86' lang='lat' dir='ltr'><strong>longa</strong></span> <span class='ocrx_word' id='word_1_84' title='bbox 553 1577 589 1634; x_wconf 94' lang='lat' dir='ltr'><strong>de</strong></span> <span class='ocrx_word' id='word_1_85' title='bbox 617 1597 681 1635; x_wconf 90' lang='lat' dir='ltr'><strong>mea</strong></span> <span class='ocrx_word' id='word_1_86' title='bbox 708 1578 903 1654; x_wconf 87' lang='lat' dir='ltr'><strong>disputatione</strong></span> <span class='ocrx_word' id='word_1_87' title='bbox 930 1577 1061 1635; x_wconf 84' lang='lat' dir='ltr'><strong>detracta</strong></span> 
     </span>
     <span class='ocr_line' id='line_1_13' title="bbox 234 1672 1059 1733; baseline 0.001 -2"><span class='ocrx_word' id='word_1_88' title='bbox 234 1672 348 1731; x_wconf 78' lang='lat' dir='ltr'><strong>¹orrrtio</strong></span> <span class='ocrx_word' id='word_1_89' title='bbox 362 1686 413 1732; x_wconf 84' lang='lat' dir='ltr'><strong>est.</strong></span> <span class='ocrx_word' id='word_1_90' title='bbox 455 1674 585 1733; x_wconf 88' lang='lat' dir='ltr'><strong>Omnino</strong></span> <span class='ocrx_word' id='word_1_91' title='bbox 600 1675 732 1733; x_wconf 87' lang='lat' dir='ltr'><strong>dividunt</strong></span> <span class='ocrx_word' id='word_1_92' title='bbox 752 1674 842 1732; x_wconf 86' lang='lat' dir='ltr'><strong>nostri</strong></span> <span class='ocrx_word' id='word_1_93' title='bbox 863 1685 953 1732; x_wconf 85' lang='lat' dir='ltr'><strong>totam</strong></span> <span class='ocrx_word' id='word_1_94' title='bbox 977 1675 1059 1732; x_wconf 84' lang='lat' dir='ltr'><strong>istam</strong></span> 
     </span>
     <span class='ocr_line' id='line_1_14' title="bbox 255 1771 1060 1848; baseline 0.002 -20"><span class='ocrx_word' id='word_1_95' title='bbox 255 1771 292 1828; x_wconf 90' lang='lat' dir='ltr'><strong>de</strong></span> <span class='ocrx_word' id='word_1_96' title='bbox 312 1771 367 1829; x_wconf 91' lang='lat' dir='ltr'><strong>Dis</strong></span> <span class='ocrx_word' id='word_1_97' title='bbox 388 1771 597 1830; x_wconf 86' lang='lat' dir='ltr'><strong>immortalibus</strong></span> <span class='ocrx_word' id='word_1_98' title='bbox 618 1773 804 1847; x_wconf 87' lang='lat' dir='ltr'><strong>quaestionem</strong></span> <span class='ocrx_word' id='word_1_99' title='bbox 826 1771 854 1828; x_wconf 91' lang='lat' dir='ltr'><strong>in</strong></span> <span class='ocrx_word' id='word_1_100' title='bbox 876 1783 973 1847; x_wconf 88' lang='lat' dir='ltr'><strong>partes</strong></span> <span class='ocrx_word' id='word_1_101' title='bbox 993 1791 1060 1848; x_wconf 82' lang='lat' dir='ltr'><strong>qus·</strong></span> 
     </span>
     <span class='ocr_line' id='line_1_15' title="bbox 254 1869 1059 1945; baseline 0.002 -19"><span class='ocrx_word' id='word_1_102' title='bbox 254 1879 328 1927; x_wconf 86' lang='lat' dir='ltr'><strong>tuor.</strong></span> <span class='ocrx_word' id='word_1_103' title='bbox 370 1869 499 1927; x_wconf 89' lang='lat' dir='ltr'><strong>Primum</strong></span> <span class='ocrx_word' id='word_1_104' title='bbox 514 1870 621 1928; x_wconf 90' lang='lat' dir='ltr'><strong>docent</strong></span> <span class='ocrx_word' id='word_1_105' title='bbox 634 1889 697 1928; x_wconf 87' lang='lat' dir='ltr'><strong>esse</strong></span> <span class='ocrx_word' id='word_1_106' title='bbox 711 1869 807 1926; x_wconf 89' lang='lat' dir='ltr'><strong>Deos:</strong></span> <span class='ocrx_word' id='word_1_107' title='bbox 829 1869 945 1941; x_wconf 88' lang='lat' dir='ltr'><strong>deinde,</strong></span> <span class='ocrx_word' id='word_1_108' title='bbox 960 1869 1059 1945; x_wconf 82' lang='lat' dir='ltr'><strong>quales</strong></span> 
     </span>
     <span class='ocr_line' id='line_1_16' title="bbox 210 1965 1059 2043; baseline 0.004 -21"><span class='ocrx_word' id='word_1_109' title='bbox 210 1972 241 2022; x_wconf 90' lang='lat'><strong>15</strong></span> <span class='ocrx_word' id='word_1_110' title='bbox 254 1965 327 2022; x_wconf 88' lang='lat' dir='ltr'><strong>sint:</strong></span> <span class='ocrx_word' id='word_1_111' title='bbox 349 1976 421 2035; x_wconf 90' lang='lat' dir='ltr'><strong>tum,</strong></span> <span class='ocrx_word' id='word_1_112' title='bbox 437 1966 575 2023; x_wconf 89' lang='lat' dir='ltr'><strong>mundum</strong></span> <span class='ocrx_word' id='word_1_113' title='bbox 597 1966 633 2023; x_wconf 91' lang='lat' dir='ltr'><strong>ab</strong></span> <span class='ocrx_word' id='word_1_114' title='bbox 653 1965 698 2023; x_wconf 90' lang='lat' dir='ltr'><strong>his</strong></span> <span class='ocrx_word' id='word_1_115' title='bbox 718 1966 931 2024; x_wconf 85' lang='lat' dir='ltr'><strong>administrari:</strong></span> <span class='ocrx_word' id='word_1_116' title='bbox 952 1977 1059 2043; x_wconf 87' lang='lat' dir='ltr'><strong>postre-</strong></span> 
     </span>
     <span class='ocr_line' id='line_1_17' title="bbox 255 2062 1059 2133; baseline 0.005 -14"><span class='ocrx_word' id='word_1_117' title='bbox 255 2080 313 2133; x_wconf 91' lang='lat' dir='ltr'><strong>mo,</strong></span> <span class='ocrx_word' id='word_1_118' title='bbox 335 2062 487 2120; x_wconf 87' lang='lat' dir='ltr'><strong>consulere</strong></span> <span class='ocrx_word' id='word_1_119' title='bbox 507 2081 558 2120; x_wconf 90' lang='lat' dir='ltr'><strong>eos</strong></span> <span class='ocrx_word' id='word_1_120' title='bbox 578 2063 664 2120; x_wconf 89' lang='lat' dir='ltr'><strong>rebus</strong></span> <span class='ocrx_word' id='word_1_121' title='bbox 685 2063 827 2121; x_wconf 87' lang='lat' dir='ltr'><strong>humanis.</strong></span> <span class='ocrx_word' id='word_1_122' title='bbox 868 2063 934 2121; x_wconf 89' lang='lat' dir='ltr'><strong>Nos</strong></span> <span class='ocrx_word' id='word_1_123' title='bbox 963 2074 1059 2123; x_wconf 87' lang='lat' dir='ltr'><strong>autem</strong></span> 
     </span>
     <span class='ocr_line' id='line_1_18' title="bbox 254 2160 1057 2237; baseline 0.004 -20"><span class='ocrx_word' id='word_1_124' title='bbox 254 2160 311 2219; x_wconf 87' lang='lat' dir='ltr'><strong>hoc</strong></span> <span class='ocrx_word' id='word_1_125' title='bbox 336 2178 564 2236; x_wconf 67' lang='lat' dir='ltr'><strong>sermoneque</strong></span> <span class='ocrx_word' id='word_1_126' title='bbox 590 2162 688 2237; x_wconf 86' lang='lat' dir='ltr'><strong>priora</strong></span> <span class='ocrx_word' id='word_1_127' title='bbox 714 2162 772 2220; x_wconf 92' lang='lat' dir='ltr'><strong>duo</strong></span> <span class='ocrx_word' id='word_1_128' title='bbox 798 2173 875 2233; x_wconf 87' lang='lat' dir='ltr'><strong>sunt,</strong></span> <span class='ocrx_word' id='word_1_129' title='bbox 896 2182 1057 2222; x_wconf 85' lang='lat' dir='ltr'><strong>sumamus:</strong></span> 
     </span>
     <span class='ocr_line' id='line_1_19' title="bbox 254 2257 1058 2336; baseline 0.009 -22"><span class='ocrx_word' id='word_1_130' title='bbox 254 2257 369 2315; x_wconf 88' lang='lat' dir='ltr'><strong>tertium</strong></span> <span class='ocrx_word' id='word_1_131' title='bbox 391 2269 420 2315; x_wconf 88' lang='lat' dir='ltr'><strong>et</strong></span> <span class='ocrx_word' id='word_1_132' title='bbox 440 2270 582 2333; x_wconf 88' lang='lat' dir='ltr'><strong>quartum,</strong></span> <span class='ocrx_word' id='word_1_133' title='bbox 597 2258 665 2334; x_wconf 86' lang='lat' dir='ltr'><strong>quia</strong></span> <span class='ocrx_word' id='word_1_134' title='bbox 686 2259 794 2336; x_wconf 87' lang='lat' dir='ltr'><strong>majora</strong></span> <span class='ocrx_word' id='word_1_135' title='bbox 813 2270 891 2330; x_wconf 89' lang='lat' dir='ltr'><strong>sunt,</strong></span> <span class='ocrx_word' id='word_1_136' title='bbox 905 2271 976 2336; x_wconf 90' lang='lat' dir='ltr'><strong>puto</strong></span> <span class='ocrx_word' id='word_1_137' title='bbox 996 2279 1058 2321; x_wconf 76' lang='lat' dir='ltr'><strong>esse</strong></span> 
     </span>
     <span class='ocr_line' id='line_1_20' title="bbox 254 2355 1058 2435; baseline 0.006 -23"><span class='ocrx_word' id='word_1_138' title='bbox 254 2356 284 2413; x_wconf 89' lang='lat' dir='ltr'><strong>in</strong></span> <span class='ocrx_word' id='word_1_139' title='bbox 299 2355 376 2413; x_wconf 86' lang='lat' dir='ltr'><strong>uliud</strong></span> <span class='ocrx_word' id='word_1_140' title='bbox 391 2367 504 2432; x_wconf 86' lang='lat' dir='ltr'><strong>tempus</strong></span> <span class='ocrx_word' id='word_1_141' title='bbox 518 2356 685 2415; x_wconf 85' lang='lat' dir='ltr'><strong>differenda.</strong></span> <span class='ocrx_word' id='word_1_142' title='bbox 727 2355 851 2414; x_wconf 90' lang='lat' dir='ltr'><strong>Minime</strong></span> <span class='ocrx_word' id='word_1_143' title='bbox 871 2377 949 2429; x_wconf 85' lang='lat' dir='ltr'><strong>vero,</strong></span> <span class='ocrx_word' id='word_1_144' title='bbox 965 2359 1058 2435; x_wconf 89' lang='lat' dir='ltr'><strong>inquit</strong></span> 
     </span>
     <span class='ocr_line' id='line_1_21' title="bbox 209 2452 1059 2534; baseline 0.006 -24"><span class='ocrx_word' id='word_1_145' title='bbox 209 2452 356 2534; x_wconf 71' lang='lat' dir='ltr'><strong>2000ttu:</strong></span> <span class='ocrx_word' id='word_1_146' title='bbox 391 2471 459 2510; x_wconf 91' lang='lat' dir='ltr'><strong>nam</strong></span> <span class='ocrx_word' id='word_1_147' title='bbox 486 2463 515 2511; x_wconf 92' lang='lat' dir='ltr'><strong>et</strong></span> <span class='ocrx_word' id='word_1_148' title='bbox 541 2454 626 2512; x_wconf 90' lang='lat' dir='ltr'><strong>otiosi</strong></span> <span class='ocrx_word' id='word_1_149' title='bbox 654 2473 763 2524; x_wconf 87' lang='lat' dir='ltr'><strong>sumus,</strong></span> <span class='ocrx_word' id='word_1_150' title='bbox 792 2464 820 2511; x_wconf 89' lang='lat' dir='ltr'><strong>et</strong></span> <span class='ocrx_word' id='word_1_151' title='bbox 847 2453 882 2512; x_wconf 89' lang='lat' dir='ltr'><strong>iis</strong></span> <span class='ocrx_word' id='word_1_152' title='bbox 910 2455 946 2513; x_wconf 88' lang='lat' dir='ltr'><strong>de</strong></span> <span class='ocrx_word' id='word_1_153' title='bbox 974 2457 1059 2514; x_wconf 87' lang='lat' dir='ltr'><strong>rebus</strong></span> 
     </span>
     <span class='ocr_line' id='line_1_22' title="bbox 225 2551 997 2630; baseline 0.005 -23"><span class='ocrx_word' id='word_1_154' title='bbox 225 2622 227 2627; x_wconf 89' lang='lat'><em>.</em></span> <span class='ocrx_word' id='word_1_155' title='bbox 254 2551 367 2628; x_wconf 84' lang='lat' dir='ltr'><strong>egimus</strong></span> <span class='ocrx_word' id='word_1_156' title='bbox 380 2569 443 2625; x_wconf 84' lang='lat' dir='ltr'><strong>quae</strong></span> <span class='ocrx_word' id='word_1_157' title='bbox 459 2562 526 2608; x_wconf 88' lang='lat' dir='ltr'><strong>sunt</strong></span> <span class='ocrx_word' id='word_1_158' title='bbox 539 2551 627 2610; x_wconf 88' lang='lat' dir='ltr'><strong>etiam</strong></span> <span class='ocrx_word' id='word_1_159' title='bbox 641 2552 766 2630; x_wconf 85' lang='lat' dir='ltr'><strong>negotiis</strong></span> <span class='ocrx_word' id='word_1_160' title='bbox 780 2554 997 2628; x_wconf 77' lang='lat' dir='ltr'><strong>anteponendas.</strong></span> 
     </span>
    </p>
   </div>
   <div class='ocr_carea' id='block_1_3' title="bbox 208 2744 1059 3215">
    <p class='ocr_par' dir='ltr' id='par_1_3' title="bbox 253 2744 1059 3017">
     <span class='ocr_line' id='line_1_23' title="bbox 292 2744 1058 2824; baseline 0.007 -22"><span class='ocrx_word' id='word_1_161' title='bbox 292 2744 331 2802; x_wconf 89' lang='lat' dir='ltr'><strong>II.</strong></span> <span class='ocrx_word' id='word_1_162' title='bbox 359 2745 439 2803; x_wconf 90' lang='lat' dir='ltr'><strong>Tum</strong></span> <span class='ocrx_word' id='word_1_163' title='bbox 459 2744 601 2818; x_wconf 89' lang='lat' dir='ltr'><strong>Lucilius,</strong></span> <span class='ocrx_word' id='word_1_164' title='bbox 623 2745 671 2805; x_wconf 93' lang='lat' dir='ltr'><strong>Ne</strong></span> <span class='ocrx_word' id='word_1_165' title='bbox 691 2765 777 2824; x_wconf 82' lang='lat' dir='ltr'><strong>egere</strong></span> <span class='ocrx_word' id='word_1_166' title='bbox 797 2747 914 2822; x_wconf 88' lang='lat' dir='ltr'><strong>quidem</strong></span> <span class='ocrx_word' id='word_1_167' title='bbox 935 2749 1058 2822; x_wconf 85' lang='lat' dir='ltr'><strong>videtur,</strong></span> 
     </span>
     <span class='ocr_line' id='line_1_24' title="bbox 253 2840 1059 2922; baseline 0.007 -23"><span class='ocrx_word' id='word_1_168' title='bbox 253 2840 357 2916; x_wconf 89' lang='lat' dir='ltr'><strong>inquit,</strong></span> <span class='ocrx_word' id='word_1_169' title='bbox 377 2843 507 2900; x_wconf 89' lang='lat' dir='ltr'><strong>oratione</strong></span> <span class='ocrx_word' id='word_1_170' title='bbox 534 2844 626 2919; x_wconf 92' lang='lat' dir='ltr'><strong>prima</strong></span> <span class='ocrx_word' id='word_1_171' title='bbox 652 2863 736 2920; x_wconf 88' lang='lat' dir='ltr'><strong>pars:</strong></span> <span class='ocrx_word' id='word_1_172' title='bbox 764 2844 834 2919; x_wconf 90' lang='lat' dir='ltr'><strong>quid</strong></span> <span class='ocrx_word' id='word_1_173' title='bbox 861 2845 938 2902; x_wconf 91' lang='lat' dir='ltr'><strong>enim</strong></span> <span class='ocrx_word' id='word_1_174' title='bbox 965 2857 1059 2922; x_wconf 86' lang='lat' dir='ltr'><strong>potest</strong></span> 
     </span>
     <span class='ocr_line' id='line_1_25' title="bbox 253 2941 1059 3017; baseline 0.009 -22"><span class='ocrx_word' id='word_1_175' title='bbox 253 2955 317 2996; x_wconf 88' lang='lat' dir='ltr'><strong>esse</strong></span> <span class='ocrx_word' id='word_1_176' title='bbox 329 2949 389 2996; x_wconf 85' lang='lat' dir='ltr'><strong>tam</strong></span> <span class='ocrx_word' id='word_1_177' title='bbox 404 2948 532 3014; x_wconf 86' lang='lat' dir='ltr'><strong>apertum</strong></span> <span class='ocrx_word' id='word_1_178' title='bbox 543 2950 660 3015; x_wconf 87' lang='lat' dir='ltr'><strong>tamque</strong></span> <span class='ocrx_word' id='word_1_179' title='bbox 671 2941 866 3017; x_wconf 88' lang='lat' dir='ltr'><strong>perspicuum,</strong></span> <span class='ocrx_word' id='word_1_180' title='bbox 878 2961 945 3000; x_wconf 89' lang='lat' dir='ltr'><strong>cum</strong></span> <span class='ocrx_word' id='word_1_181' title='bbox 955 2945 1059 3003; x_wconf 83' lang='lat' dir='ltr'><strong>caelum</strong></span> 
     </span>
    </p>

    <p class='ocr_par' dir='ltr' id='par_1_4' title="bbox 208 3035 1059 3215">
     <span class='ocr_line' id='line_1_26' title="bbox 208 3035 1058 3116; baseline 0.005 -20"><span class='ocrx_word' id='word_1_182' title='bbox 208 3045 241 3096; x_wconf 67' lang='lat'><strong>25</strong></span> <span class='ocrx_word' id='word_1_183' title='bbox 253 3035 442 3110; x_wconf 86' lang='lat' dir='ltr'><strong>suspeximus,</strong></span> <span class='ocrx_word' id='word_1_184' title='bbox 455 3035 637 3112; x_wconf 64' lang='lat' dir='ltr'><strong>caelestiaque</strong></span> <span class='ocrx_word' id='word_1_185' title='bbox 649 3038 834 3113; x_wconf 86' lang='lat' dir='ltr'><strong>contemplati</strong></span> <span class='ocrx_word' id='word_1_186' title='bbox 848 3058 957 3111; x_wconf 88' lang='lat' dir='ltr'><strong>sumus,</strong></span> <span class='ocrx_word' id='word_1_187' title='bbox 971 3060 1058 3116; x_wconf 90' lang='lat' dir='ltr'><strong>quam</strong></span> 
     </span>
     <span class='ocr_line' id='line_1_27' title="bbox 253 3133 1059 3215; baseline 0.01 -26"><span class='ocrx_word' id='word_1_188' title='bbox 253 3149 317 3190; x_wconf 87' lang='lat' dir='ltr'><strong>esse</strong></span> <span class='ocrx_word' id='word_1_189' title='bbox 342 3133 457 3210; x_wconf 87' lang='lat' dir='ltr'><strong>aliquod</strong></span> <span class='ocrx_word' id='word_1_190' title='bbox 477 3152 585 3192; x_wconf 89' lang='lat' dir='ltr'><strong>numen</strong></span> <span class='ocrx_word' id='word_1_191' title='bbox 606 3135 848 3211; x_wconf 75' lang='lat' dir='ltr'><strong>praestantissime</strong></span> <span class='ocrx_word' id='word_1_192' title='bbox 870 3137 985 3209; x_wconf 89' lang='lat' dir='ltr'><strong>mentis,</strong></span> <span class='ocrx_word' id='word_1_193' title='bbox 999 3156 1059 3215; x_wconf 89' lang='lat' dir='ltr'><strong>quo</strong></span> 
     </span>
    </p>
   </div>
   <div class='ocr_carea' id='block_1_4' title="bbox 0 0 1210 3859">
    <p class='ocr_par' dir='ltr' id='par_1_5' title="bbox 0 0 1210 3859">
     <span class='ocr_line' id='line_1_28' title="bbox 0 0 1210 3859; baseline 0 0"><span class='ocrx_word' id='word_1_194' title='bbox 0 0 1210 3859; x_wconf 95' lang='lat' dir='ltr'><strong> </strong></span> 
     </span>
    </p>
   </div>
  </div>
 </body>
</html>
