2409 3859
501 458 598 507 ttttstt
616 460 635 507 1.
654 462 691 507 ³4.

196 612 317 689 asperius
347 612 494 682 dixeram,
529 630 598 670 cum
636 610 782 688 Epicurus
809 610 995 669 Aristotelem

195 712 296 768 rexerit
324 708 637 768 contumeliosissime:
671 707 810 766 Phaedoni
844 709 995 766 Socratico

195 809 355 883 turpissime
380 805 583 864 maledixerit:
612 804 781 873 Metrodori,
807 805 913 863 sodalis
939 806 994 877 aui,

195 902 305 962 fratrem
325 904 531 974 Timocraten,
546 902 614 978 quia
627 903 727 961 nescio
741 902 808 978 quid
831 902 859 959 in
874 902 996 977 philoso-

194 1001 256 1076 phia
274 1002 454 1072 dissentiret,
470 1000 538 1058 totis
558 1001 752 1057 voluminibus
767 998 943 1056 conciderit:
966 1000 1024 1061 intt

195 1094 390 1154 Democritum
413 1097 519 1171 ipsum,
539 1114 626 1170 quem
646 1104 764 1153 secutus
783 1105 835 1165 est,
851 1093 935 1150 luerit
955 1094 997 1152 in-

195 1203 305 1269 gratusa
335 1192 568 1268 Nausiphanem,
590 1193 757 1269 magistrum
785 1210 880 1263 suum,
902 1210 918 1249 a
938 1210 996 1268 quo

195 1288 261 1347 uilril
282 1290 438 1361 didicerat,
453 1300 512 1347 tarn
533 1290 608 1347 male
630 1288 782 1363 acceperit.

229 1480 379 1542 XXXIV.
408 1483 495 1541 Zeno
516 1483 632 1559 quidem
659 1502 718 1540 nou
745 1501 795 1541 eos
822 1484 924 1555 solutu,
945 1482 995 1559 qui

193 1590 251 1637 tum
270 1591 364 1649 erant,
380 1580 600 1656 Apollodorum,
616 1580 737 1656 Syllum,
759 1592 871 1638 ceteros
891 1581 997 1657 figebat
1009 1593 1038 1643 tt

194 1678 369 1748 meledictis3
391 1678 442 1735 sed
459 1678 607 1735 Socratem
622 1678 725 1753 ipsum,
739 1687 886 1752 parentem
905 1677 995 1752 philo·

194 1774 309 1849 aoplrite,
337 1774 447 1833 Latino
472 1774 560 1831 verbo
586 1785 681 1844 utens,
708 1791 836 1830 scurram
863 1756 995 1845 Atticum
1031 1849 1033 1853 .

193 1868 277 1930 trisse
297 1871 434 1930 dicebat:
462 1871 656 1947 Chrysippum
676 1888 823 1946 nunquam
843 1869 899 1928 nisi
920 1871 1014 1930 Che-¹·
1063 1866 1087 1923 l·-

193 1964 302 2044 sippdm
323 1968 457 2026 vocabat.
502 1967 552 2025 Tu
574 1967 635 2044 ipse
655 1967 742 2044 paulo
763 1977 838 2040 now,
853 1986 921 2026 curn
934 1980 995 2028 tans

194 2082 275 2140 quam
295 2075 431 2124 senatum
451 2065 687 2142 philosophorum
708 2065 853 2138 recitares,
868 2086 995 2126 summos
1008 2076 1039 2126 15

193 2163 265 2223 titos
286 2164 431 2240 desipere,
452 2163 583 2235 delirare,
605 2164 753 2222 dementes
779 2183 842 2223 esse
868 2166 993 2225 dicebas.

192 2260 326 2324 Quorum
340 2262 366 2319 si
381 2278 468 2318 nemo
482 2280 578 2318 aerum
593 2260 664 2318 vidit
677 2261 713 2319 de
726 2271 827 2319 natura
855 2263 995 2335 Deorum,

192 2360 348 2417 terendum
370 2368 424 2428 est,
444 2376 482 2416 ne
501 2358 580 2416 nulla
599 2358 638 2416 sit
658 2358 784 2416 omnino.
825 2359 902 2418 Nam
931 2361 994 2430 istu,

144 2502 148 2507 -
194 2472 255 2531 que
268 2474 321 2515 vos
334 2455 444 2525 dicitis,
458 2466 525 2513 suut
537 2465 598 2512 tota
612 2456 825 2529 commenticia,
839 2458 887 2514 vix
907 2456 995 2531 digua

148 2530 167 2567 ῤ’
181 2538 395 2611 duintratione
429 2552 626 2609 anicularum:
665 2570 723 2609 uon
761 2554 837 2611 euim
872 2536 993 2623 sentitis,
1007 2563 1039 2614 20

194 2666 277 2723 quam
292 2648 387 2707 multa
399 2649 480 2705 robis
500 2648 684 2724 suscipienda
703 2649 769 2722 sint,
784 2651 808 2708 si
829 2651 995 2725 impetrave-

193 2744 263 2819 ritis,
284 2756 318 2804 ut
339 2745 539 2802 concedamus·
560 2746 680 2804 eandem
708 2746 856 2805 hominum
883 2762 945 2802 esse
966 2757 996 2804 et

194 2840 321 2901 Deorum
337 2841 466 2918 figuram.
508 2841 613 2900 Omnis
633 2843 737 2913 cultus,
752 2854 781 2901 et
801 2842 913 2900 curatio
933 2861 995 2900 cor-

193 2942 270 3017 poris
291 2941 347 2999 erit
367 2940 469 2997 eadem
490 2941 651 2999 adhibenda
670 2940 744 3013 Deo,
760 2962 823 3018 quat
844 2940 994 3002 adhibetur

195 3037 323 3096 homini:
345 3038 500 3114 ingressus,
521 3056 634 3111 cursus,
656 3040 812 3110 accubitio,
834 3036 994 3115 inclinatio,
1008 3051 1038 3103 25
1073 3049 1084 3057 “

195 3137 296 3207 sessio,
310 3134 544 3210 comprehensim
567 3136 602 3194 ad
617 3147 775 3193 extremum
789 3134 875 3191 etiam
889 3152 994 3212 sermo,
1047 3154 1050 3162 ’

195 3231 334 3290 storatio.
374 3230 454 3292 Nam
475 3233 554 3314 quod
575 3245 606 3296 et
627 3252 724 3295 mares
740 3229 1010 3295 Deosetietdmaa
1042 3212 1092 3294 ὗ(

380 3330 430 3391 50
