2409 3859
225 444 265 507 ol
492 461 536 507 oa
552 460 689 509 ursum
706 458 852 507 oeoaou.

268 607 350 680 dens,
373 609 412 668 ita
431 611 489 670 late
508 611 652 689 longeque
676 604 885 707 peregripatur.
906 618 938 667 ut
963 607 1070 667 nullam

270 714 365 765 tamen
380 726 459 766 oram
474 709 568 766 ultimi
582 708 686 780 videat,
701 707 732 766 in
744 726 802 784 qua
821 707 912 784 possit
931 706 1069 765 insistere„

256 802 307 866 ‚In
321 787 377 862 hle
398 805 484 883 igitur
505 806 697 864 immensitate
710 796 903 877 latitudinum,
918 804 1069 881 longitudi-

268 920 348 988 uurp,
364 903 557 976 altitudinum,
571 903 684 961 infinita
695 903 738 960 ris
752 902 1004 961 innumerabilium
1024 920 1069 959 vo·

238 998 331 1057 5litat
347 1011 524 1058 atomorum:
553 1020 627 1076 quae,
648 1000 799 1077 interjecto
820 991 910 1073 inani',
931 999 1068 1077 cohaeres·

268 1107 339 1154 cunt
351 1106 448 1155 tamen
464 1098 538 1155 inter
552 1117 593 1170 se,
608 1107 638 1156 et
652 1097 714 1155 aliae
735 1097 806 1155 alias
826 1096 1068 1173 apprehendentes

267 1194 485 1253 continuantur:
507 1212 613 1271 ex’quo
627 1195 790 1253 efficiuntur
805 1195 848 1255 hae
863 1213 956 1252 rerum
972 1195 1068 1252 forme

266 1300 296 1348 et
316 1291 425 1368 figurae,
452 1310 524 1367 quaa
551 1311 601 1350 ros
621 1291 696 1350 ellici
717 1310 802 1368 posse
821 1293 885 1349 sine
906 1291 1021 1349 lollibus
1041 1302 1068 1350 et

203 1395 207 1404 '
267 1387 421 1446 incudibus
434 1408 493 1447 non
506 1390 620 1466 putatis.
663 1388 764 1465 Itaque
776 1389 952 1464 imposuistis
965 1389 994 1447 in
1010 1408 1068 1471 cer·

224 1498 253 1547 1⁰
266 1485 377 1542 vicibus
390 1486 495 1544 nostris
507 1487 713 1575 sempiternum
728 1486 887 1557 dominum,
902 1505 999 1577 quem*
1008 1487 1068 1573 dies

265 1592 295 1640 et
308 1593 408 1641 noctes
421 1572 596 1642 timeremus,
637 1583 715 1645 ouis
728 1583 805 1641 enim
819 1603 877 1641 non
892 1570 1068 1654 timeatsoiri·

264 1679 315 1737 nia
334 1680 542 1756 providentem,
556 1691 586 1738 et
599 1681 785 1758 cogitantem,
800 1690 830 1739 et
844 1680 1068 1738 animadverten-

263 1786 332 1848 tem,
343 1787 373 1835 et
386 1777 484 1835 omnia
498 1777 533 1834 ad
547 1796 578 1835 se
587 1777 732 1854 pertinere
741 1787 900 1854 putantem,
910 1777 1068 1851 curiosum,

147 1870 211 1951 55⁹
262 1874 420 1949 etplenum
435 1873 544 1951 negotii
558 1874 676 1932 Deuml
717 1873 798 1931 Hinc
811 1873 892 1930 vobis
905 1873 999 1931 extitit
1013 1874 1068 1950 pri·

223 1977 250 2026 15
263 1989 342 2028 mum
378 1971 427 2029 illa
459 1971 554 2029 fatalis
589 1971 755 2044 necessitas,
782 1989 866 2046 quam
900 1974 1068 2045 εἱμαρμένην

262 2066 376 2124 dicitis:
398 2078 438 2140 ut,
454 2068 593 2143 quidquid
618 2068 741 2141 accidat,
763 2067 791 2126 id
812 2086 849 2126 ex
869 2079 976 2126 aeterna
996 2069 1068 2127 reri-

262 2175 322 2224 tate
351 2183 560 2241 causarumque
581 2167 798 2225 continuatione
818 2165 934 2224 fluxisse
955 2167 1067 2225 dicatis.

260 2261 374 2324 Quanti
396 2273 491 2321 autern
520 2263 583 2321 haec
610 2263 793 2339 philosophia
819 2263 987 2322 estimanda
1013 2274 1067 2337 est,

262 2360 321 2432 oui,
341 2370 478 2437 tanquam
506 2360 640 2432 aniculis,
660 2370 690 2418 et
717 2361 762 2418 his
789 2361 905 2436 quidem
932 2361 1067 2434 indoctis,

217 2471 249 2521 20
263 2459 320 2518 fato
346 2458 407 2516 fieri
435 2457 585 2515 rideantur
613 2457 730 2516 omnial
785 2457 922 2532 Sequitur
947 2461 1067 2530 μαντικὴ

262 2566 364 2626 vestra,
387 2573 450 2629 que
471 2552 577 2612 Latine
596 2553 736 2611 divinatio
756 2553 880 2610 dicitur:
908 2540 965 2626 qui
985 2542 1068 2615 tantia

262 2652 456 2710 imbueremur
470 2650 683 2726 superstitione,
697 2650 722 2717 si
737 2669 786 2706 ros
801 2649 901 2707 audire
916 2650 1066 2720 vellemus,

263 2759 295 2807 ut
309 2749 485 2825 haruspices,
501 2767 633 2825 augures,
649 2747 761 2819 harioli,
776 2746 864 2820 vales,
880 2759 909 2805 et
922 2748 1068 2823 conjecto·

142 2848 200 2917 ffb·
264 2864 310 2903 res
324 2847 408 2903 nobis
422 2855 518 2903 essent
531 2844 653 2903 colendi.
695 2843 752 2902 His
765 2845 923 2903 terroribus
944 2845 979 2901 ab
1000 2844 1068 2919 Epi·

219 2955 252 3004 25
265 2959 335 2999 coro
350 2942 445 3014 soloti,
460 2953 489 3000 et
503 2942 533 3000 in
545 2942 706 3000 libertatem
728 2941 877 3012 vindicati,
891 2960 946 2998 nec
966 2943 1068 2998 metui·

265 3057 330 3096 mus
344 3059 403 3111 eos,
417 3059 490 3115 quos
504 3039 691 3116 intelligimus
705 3057 760 3097 nec
773 3038 829 3095 sibi
850 3038 958 3114 fingere
979 3038 1068 3096 ullam

264 3137 435 3212 molestiam,
449 3157 506 3197 nec
527 3139 773 3220 alterixquaerere:
794 3148 823 3196 et
843 3137 891 3214 pie
911 3148 1068 3214 sancteque

249 3233 385 3296 colimus
405 3247 543 3299 naturam
563 3235 757 3297 excellentem
774 3245 860 3310 atque
875 3246 1067 3310 prestantem.
