2409 3859
451 431 678 481 aramus
992 426 1069 485 ⁷8·

181 581 234 661 plis
246 581 329 641 docti
344 598 453 639 numen
467 580 595 641 Deorum
616 582 891 659 comprobabimus?
933 583 987 642 Ni·

181 679 219 739 bil
232 699 287 739 nos
307 679 342 737 P.
359 678 483 750 Claudii,
499 680 574 738 bello
594 681 709 739 Punico
722 680 825 755 primo,
839 682 985 740 temeritas

182 778 316 847 movebit,
331 776 382 852 qui
396 776 482 835 etiam
495 797 545 853 per
563 777 662 855 jocum
678 777 758 835 Deos
773 777 904 850 irrideus,
919 798 985 837 cum

182 893 266 933 carea
281 873 399 933 liberati
412 873 483 949 pulli
497 893 555 933 non
568 888 766 951 pascerentur,
781 875 872 952 mergi
892 893 942 933 ecs
956 876 986 933 in

134 1010 137 1025 ,
184 990 283 1048 aquam
300 970 398 1048 jussit,
414 981 446 1028 ut
465 971 605 1044 biberent,
627 971 764 1047 quoniam
785 990 848 1030 esse
867 972 1015 1031 nollent.5

182 1069 241 1133 Qui
269 1071 357 1142 risus,
378 1070 471 1128 classe
490 1071 614 1141 devicta,
635 1071 740 1129 multas
761 1071 815 1147 ipsi
835 1071 985 1148 lacrymas,

184 1187 316 1246 magnam
329 1167 438 1244 populo
451 1167 587 1226 Romano
601 1168 714 1226 cladem
736 1168 838 1227 attulit.
879 1169 986 1231 Quidl

183 1266 292 1344 collega
312 1266 377 1343 ejus
398 1265 509 1338 lunius,
524 1266 626 1324 eodem
648 1265 734 1334 bello,
749 1286 845 1325 nonne
865 1278 988 1343 tempes-

183 1375 237 1422 tate
251 1365 378 1422 classem
393 1363 497 1434 amisit,
513 1382 579 1421 cum
596 1363 733 1439 auspiciis
747 1383 805 1422 uon
819 1365 960 1441 paruisset
972 1366 984 1421 l

181 1459 279 1538 Itaque
294 1461 438 1519 Claudius
453 1462 588 1537 apopulo
599 1462 808 1519 condemnatus
820 1473 882 1520 est:
904 1461 986 1520 Juni·
999 1475 1030 1525 10

182 1578 214 1619 us
238 1578 344 1617 necem
372 1558 428 1615 sibi
455 1558 515 1634 ipse
543 1559 693 1616 conscivit.
746 1558 780 1616 C.
810 1537 1006 1619 Flaminium.

182 1657 287 1716 Caelius
301 1656 446 1732 religione
459 1657 593 1733 neglecta
607 1655 750 1714 cecidisse
771 1655 847 1731 apud
867 1654 986 1713 Thrasi-

181 1774 294 1814 menum
324 1753 426 1811 scribit
452 1772 520 1811 cum
548 1772 653 1831 magno
673 1751 839 1827 reipublicae
859 1752 985 1811 vulnere.

181 1852 316 1916 Quorum
345 1851 434 1909 exitio
463 1851 583 1928 intelligi
612 1860 715 1926 potest,
738 1867 836 1906 eorum
858 1849 987 1926 imperiis
1013 1914 1016 1918 Δ

180 1950 391 2027 rempublicam
406 1949 618 2024 amplificatam,
634 1949 683 2022 qui
699 1947 889 2024 religionibus
901 1967 986 2024 paru·
1002 1959 1030 2006 15

180 2048 274 2107 issent„
319 2047 368 2119 Et,
376 2047 401 2104 si
412 2047 543 2105 conferre
558 2047 689 2103 volumus
703 2056 801 2103 nostra
815 2065 882 2102 cum
896 2057 987 2104 exter-

179 2147 232 2218 nis,
253 2145 362 2205 ceteris
381 2145 538 2202 rebus-aut
557 2162 641 2220 pares
663 2155 710 2200 aut
731 2143 816 2200 etiam
839 2143 987 2203 inferiores
1010 2208 1015 2216 ‚

181 2224 371 2320 reperiemur3
392 2241 544 2318 religione,
560 2240 588 2297 id
603 2251 647 2297 est
661 2240 741 2297 cultu
756 2239 896 2312 Deorum,
912 2242 986 2298 mul·

179 2351 208 2398 to
228 2340 402 2417 superiores.
446 2340 493 2396 An
515 2336 579 2394 Atti
601 2336 678 2393 Navi
698 2336 787 2394 lituus
806 2337 863 2408 ille,
878 2356 935 2412 quc
951 2338 986 2394 ad

180 2436 411 2514 investigandum
438 2454 520 2494 suem
548 2435 682 2511 regiones
702 2433 792 2492 vineta
813 2434 985 2506 terminavit,
999 2437 1031 2487 2⁰

180 2534 411 2595 contemnendus
425 2535 488 2591 estl
529 2531 697 2602 Crederem,
713 2531 767 2590 nisi
783 2532 844 2609 ejus
866 2530 987 2607 augurio

180 2651 227 2692 rer
242 2631 388 2690 Hostilius
409 2630 533 2687 maxima
554 2628 629 2686 bella
649 2627 792 2705 gessisset.
835 2626 904 2698 Sed,
919 2646 987 2705 neg·

179 2731 298 2809 ligantia
312 2727 472 2786 nobilitatis
486 2725 600 2802 augurii
613 2725 766 2801 disciplina
786 2724 901 2796 omissa,
916 2725 988 2784 veri·

179 2840 222 2887 tas
237 2826 434 2903 auspiciorum
449 2834 544 2899 spreta
554 2835 607 2893 cst,
619 2823 732 2898 species
743 2834 855 2880 tantum
865 2834 984 2880 retenta.

180 2925 282 3002 Itaque
310 2923 441 2980 maximae
469 2921 636 2995 reipublicae
657 2929 763 2996 partes,
785 2920 814 2977 in
837 2918 881 2975 bis
902 2919 1031 2993 bella-m

180 3025 284 3099 quibus
299 3019 467 3096 reipublicae
479 3018 555 3075 salus
566 3017 741 3087 continetur,
753 3015 839 3074 nullis
851 3016 988 3092 auspiciis

181 3121 433 3186 administrantur3
463 3115 542 3174 nulla
562 3113 710 3191 peremnia
729 3124 887 3185 servantur,
909 3116 987 3173 nulla

181 3238 214 3278 ex
240 3216 440 3286 acuminibus,·
468 3213 542 3274 nulli
570 3212 627 3275 viri
654 3222 814 3285 vocamur,
831 3230 874 3270 ex
889 3213 1007 3288 annin

248 3330 312 3369 roa.
336 3331 355 3370 ι.
486 3315 507 3374 7
