2409 3859
423 508 427 515 ,
481 456 675 506 mesurae
985 443 1027 504 59

134 650 136 667 .
179 625 320 667 numerum
332 625 523 687 permanere,
538 626 659 684 eamque
672 626 811 684 esse-ejus
830 608 979 681 visionem,

134 696 136 701 ’
179 716 206 762 ut
216 706 407 765 similitudine
422 716 454 764 et
467 704 642 763 transitione
653 715 797 773 cernatur,
805 725 899 781 neque
913 706 981 765 defr-

177 801 370 879 ciatunquarn
384 822 424 862 ex
444 801 569 860 infinitis
590 802 758 879 corporibus
777 803 913 860 similium
936 823 981 862 ao·

178 900 280 957 cessio:
301 918 339 957 ex
353 918 451 975 eoque
463 898 539 969 lierI,
550 907 583 955 ut
592 899 623 957 in
633 899 696 958 haec
706 900 815 958 intenta
826 918 907 957 mens
917 920 982 959 nos-

177 1005 226 1068 tra,
240 997 355 1055 beatam
368 996 452 1055 illam
466 1004 599 1053 naturam
614 1006 642 1053 et
655 996 857 1073 sempiternam
871 1007 959 1073 putet.
991 1008 1008 1057 5

213 1189 392 1249 XXXVIII.
426 1189 508 1260 Hoc,
529 1207 579 1265 per
606 1190 682 1267 ipsos
708 1189 787 1249 Deos
813 1192 850 1250 de
876 1193 980 1267 quibus

178 1285 328 1361 loquimur,
342 1287 431 1363 quale
445 1285 564 1344 tandem
578 1288 640 1344 estl
662 1306 729 1345 nam
743 1288 767 1345 si
781 1290 980 1347 tantummodo

180 1383 211 1440 ed
223 1385 432 1462 cogitationem
454 1383 561 1450 valent,
575 1402 631 1441 neo
652 1384 739 1442 ullam
759 1385 864 1444 habent
884 1387 980 1444 solidi·

179 1492 260 1539 mem
279 1501 338 1540 nec
358 1480 567 1551 eminentiam;
589 1481 658 1557 quid
679 1482 806 1555 interest,
829 1493 923 1540 utrum
943 1485 979 1543 de

180 1579 404 1658 hippocentauro
432 1600 469 1637 an
492 1579 528 1637 de
549 1579 613 1639 Deo
632 1582 811 1658 cogitemusl
853 1582 979 1640 Omnem
992 1593 1023 1642 10

181 1676 252 1733 nim
264 1677 352 1735 talem
368 1673 628 1734 conformationem
644 1677 732 1735 animi
747 1676 835 1734 ceteri
855 1676 979 1752 philoso-

181 1771 226 1847 pli
237 1784 347 1832 motum
361 1773 482 1831 inanem
497 1785 617 1831 vocant:
638 1792 689 1830 uos
711 1783 805 1829 autem
827 1773 979 1856 adventum
1022 1807 1024 1811 ·

182 1868 208 1926 ia
233 1871 345 1929 enlmos
372 1880 403 1928 et
431 1868 580 1927 introitum
610 1870 767 1946 imaginum
795 1869 899 1927 dicitis.
939 1871 979 1930 Ut
1050 1874 1086 1927 152<

182 1967 261 2045 igitur
287 1969 337 2027 Ti.
359 1967 531 2026 Gracchum
551 1987 618 2026 oum
638 1969 737 2028 videor
757 1947 977 2030 contironantem

182 2063 373 2144 incapitolio
403 2064 506 2134 videri,
528 2063 563 2123 de
590 2064 631 2124 M.
653 2065 777 2123 Octavio
804 2066 977 2127 deserentem
992 2073 1029 2134 ¹5*

182 2161 304 2237 sitellam,
326 2175 390 2221 tum
421 2179 489 2219 eum
509 2173 618 2220 motum
641 2163 728 2221 animi
751 2164 817 2220 dico
837 2183 899 2223 esse
919 2166 980 2224 ina·

182 2276 258 2318 nem:
286 2273 318 2319 tu
343 2269 441 2317 autem
463 2268 492 2314 et
511 2259 637 2317 Gracchi
664 2270 693 2318 et
713 2260 817 2318 Octavi
840 2262 979 2340 imagines

181 2373 332 2430 remanere,
355 2375 432 2432 quae,
454 2354 483 2411 in
504 2355 681 2433 Capitolium
701 2376 767 2414 cum
787 2356 978 2434 pervenerint,

181 2463 234 2512 tum
254 2456 291 2514 ad
316 2454 447 2511 animum
475 2471 572 2510 meum
598 2454 776 2511 rderantur:
805 2454 861 2513 hoo
903 2457 979 2514 idem

181 2549 235 2609 fieri
248 2553 278 2610 iu
300 2552 377 2622 Deo,
394 2549 477 2626 oujus
497 2550 598 2607 crebra
619 2549 693 2607 facie
712 2552 854 2627 pellantur
876 2553 977 2622 animi3
991 2554 1023 2604 20

181 2664 212 2704 ex
222 2668 279 2724 quo
290 2667 356 2706 esse
370 2646 456 2717 beuti,
470 2656 553 2721 atque
563 2647 662 2705 aeterni
674 2647 876 2726 intelligantur.
918 2649 979 2707 Fac
1067 2664 1086 2699 t:

182 2742 317 2823 imagines
337 2761 412 2813 esse,
428 2742 531 2817 quibus
551 2745 700 2820 pulsentur
729 2745 837 2804 animi:
867 2746 979 2820 species

181 2840 322 2901 dumtaxat
344 2840 480 2916 objicitur
500 2843 647 2916 quaedam:
675 2861 745 2899 num
766 2845 852 2901 etiam
874 2861 925 2899 cur
945 2861 980 2899 ea

181 2936 258 2997 beuta
272 2939 333 2996 sitl
356 2955 408 2994 our
422 2940 550 2995 aeternal
590 2938 669 3001 Quae
684 2951 778 3018 autem
799 2941 860 2997 istae
882 2939 980 3014 imagi·

182 3053 228 3093 nes
254 3046 366 3104 vestrae,
395 3045 443 3091 aut
469 3034 567 3092 undel
609 3036 637 3093 A
665 3037 834 3094 Democrito
861 3034 1023 3096 omnin025

182 3129 240 3190 haee
267 3131 394 3189 lloentia.
436 3132 495 3189 Sed
515 3143 544 3189 et
564 3132 613 3189 ille
635 3131 824 3208 reprehensus
846 3149 861 3186 a
883 3131 980 3189 multis

182 3239 231 3299 “ll
246 3246 302 3285 neo
323 3246 371 3286 ros
390 3229 499 3291 exitum
520 3230 676 3313 reperitis:
695 3239 819 3309 munus
834 3245 885 3286 res
899 3227 991 3284 naeu-
