2409 3859
487 466 586 513 uiuus
605 466 624 513 ι.
642 467 678 513 os.
989 455 1027 517 41

178 636 348 678 concessum
362 627 443 676 esset
456 616 622 693 hujusmodi
636 616 743 692 aliquid
755 616 819 675 Aut
832 617 907 675 vicet
921 633 986 673 cras

179 725 223 773 ortt
234 737 291 777 non
306 717 388 775 vivet
402 715 567 791 Epicurus,
582 714 747 773 alterutrum
762 715 842 773 fieret
856 733 985 772 necessa-

180 813 264 885 rium;
286 824 388 872 totum
401 813 461 871 hoc
476 820 530 869 aut
543 813 628 870 etium
642 821 694 871 out
713 833 768 871 non
788 812 902 889 negavit
922 829 985 870 esse

181 912 383 969 necessarium.
425 909 500 971 Quo
527 909 595 984 quid
622 910 681 969 dici
712 920 807 986 potest
833 910 983 966 obtusiusl

183 1007 302 1085 Urgebat
317 1007 472 1067 Arcesilas
486 1006 649 1078 Zenonem,
660 1026 726 1065 cum
738 1008 798 1083 ipse
810 1006 879 1064 salsa
889 1006 985 1063 omnia
996 1020 1013 1068 5

182 1105 295 1178 diceret,
318 1125 384 1181 qnae
405 1104 542 1163 sensibus
560 1103 741 1163 viderentur:
774 1104 860 1163 Zeno
890 1113 984 1161 autem

137 1274 142 1291 ι
183 1204 317 1262 nonnulla
343 1203 407 1260 visa
433 1219 500 1259 esse
527 1201 606 1273 falsa,
634 1221 692 1260 uon
720 1202 824 1260 omnia
870 1201 985 1260 Timuit

184 1298 333 1376 Epicurus,
347 1318 397 1368 nc,
412 1298 438 1357 si
453 1316 544 1355 unum
559 1299 649 1357 visum
663 1310 738 1357 esset
752 1299 862 1372 salsum,
874 1301 985 1357 nullum

185 1408 252 1456 noct
263 1417 366 1457 rerum
373 1417 383 1473 ;
399 1414 504 1454 omnes
513 1414 613 1454 sensus
628 1397 686 1455 reri
700 1397 816 1455 nuntios
829 1397 899 1455 dixit
913 1417 983 1456 esse.

185 1493 258 1553 Nihil
273 1492 390 1567 horum,
401 1478 463 1552 iri'si
473 1490 570 1551 'calide
582 1513 588 1551 :
610 1495 768 1571 graviorem
780 1494 858 1552 enim
870 1496 984 1571 plagam
998 1501 1029 1550 10

186 1593 351 1669 accipiebat,
366 1602 399 1649 ut
412 1590 550 1649 leviorem
565 1592 722 1668 repelleret.
763 1591 845 1649 Idem
866 1591 934 1649 lacit
955 1593 985 1649 in

186 1701 280 1750 nutura
304 1691 460 1770 Deorum:
493 1689 563 1769 llum
576 1690 805 1775 ..individuorum
832 1708 984 1765 corporum

185 1788 395 1847 concretionem
410 1786 497 1879 fugit,
510 1806 547 1845 ne
562 1787 694 1846 interitus
708 1796 737 1844 et
750 1786 898 1862 dissipatio
918 1805 986 1845 con·

185 1896 324 1961 sequatur,
333 1895 424 1962 negot
438 1901 502 1943 esse
515 1903 619 1962 corpus
632 1884 774 1956 Deorum,
785 1883 836 1942 sed
848 1894 984 1961 tanquam

186 1999 299 2060 corpus3
320 2002 379 2043 nec
392 1982 575 2059 sanguinem,
590 1982 641 2041 sed
655 1992 791 2058 tanquam
805 1983 983 2061 sanguinem.
998 1993 1028 2042 15

219 2176 332 2235 XXVI.
362 2174 501 2233 Mirabile
515 2175 637 2246 videtur,
651 2175 727 2251 quod
748 2193 806 2234 non
826 2177 918 2236 rideat
938 2179 986 2237 ha·

185 2289 291 2350 ruspex,
305 2292 376 2333 cum
397 2271 578 2348 haruspicem
598 2273 718 2331 viderit:
739 2273 795 2331 hoc
815 2276 984 2346 mirabilius,

184 2371 257 2445 quod
282 2390 334 2429 vos
355 2370 433 2429 inter
453 2389 502 2426 vos
522 2370 612 2427 risum
632 2379 731 2428 tenere
750 2373 873 2446 possitis.
915 2371 985 2429 Non

183 2478 223 2527 est
241 2487 358 2545 corpus,
380 2465 431 2525 sed
453 2466 534 2543 quasi
555 2486 667 2543 corpus.
709 2466 776 2526 Hoc
796 2468 985 2545 intelligerem

184 2566 263 2639 quale
276 2576 364 2636 esset,
379 2563 404 2621 si
419 2563 449 2620 id
462 2563 492 2621 in
506 2564 599 2623 cereis
613 2565 767 2643 fingeretur
782 2578 829 2625 out
848 2565 985 2639 fictilibus
997 2575 1029 2626 tt·

184 2648 296 2739 figuris:
319 2662 350 2719 in
371 2660 438 2718 Deo
458 2661 528 2736 quid
548 2662 585 2720 sit
606 2663 687 2738 quasi
708 2683 822 2741 corpus,
834 2674 883 2722 aut
903 2666 985 2738 quasi

184 2759 308 2836 sangnis,
331 2757 492 2834 intelligere
511 2778 570 2816 uon
590 2778 724 2835 possum:
748 2772 837 2819 netu
858 2760 984 2835 quidem,

184 2853 293 2913 Vellei:
315 2855 440 2912 sednon
455 2855 497 2913 vis
511 2855 602 2914 fateri.
643 2856 788 2916 Istaenim
799 2857 904 2915 avobis
918 2879 986 2935 qua·
1047 2857 1059 2879 s

183 2950 208 3009 si
220 2952 329 3013 dictato
336 2951 509 3025 redduntur,
521 2972 585 3029 quae
599 2953 743 3030 Epicurus
757 2954 883 3019 oscitans
898 2957 986 3015 aluci-

184 3060 267 3107 outns
286 3058 338 3119 est,
359 3067 428 3106 oum
442 3038 557 3125 quidem
571 3046 752 3127 gloriaretur,
767 3062 799 3109 ut
812 3051 941 3112 videmus
956 3055 985 3112 in
998 3064 1028 3112 ἢ)

183 3145 307 3221 scriptis,
321 3163 353 3203 se
366 3146 534 3223 magistrum
556 3147 690 3205 habuisse
710 3147 839 3206 nouum:
860 3151 937 3225 quod
957 3161 986 3209 et

182 3260 240 3301 που
250 3242 435 3325 Ρῐφάὶοιυῐί,
453 3257 555 3313 tamon
582 3247 675 3315 looile
695 3247 819 3335 quibem
842 3246 1012 3345 memorem,

372 3348 423 3415 40
