2409 3859
193 456 233 518 m
459 473 502 518 na
521 452 655 520 uanum
674 473 820 520 omnum.

277 619 313 678 V.
340 620 453 683 Quales
467 624 533 694 sint,
548 624 659 681 varium
674 635 734 681 est:
756 642 819 681 esse
840 641 927 681 nemo
946 630 1039 700 negat

238 716 394 776 Cleanthes
408 721 522 797 quidem
537 732 634 779 noster
656 732 777 797 quatuor
798 721 834 778 de
855 720 952 778 causis
972 720 1042 778 dixit

239 813 268 872 iu
284 816 388 874 animis
402 818 552 876 hominum
566 819 734 875 informatas
748 817 879 875 Deorum
893 836 957 875 esse
971 817 1043 874 noti·

237 929 317 970 ones.
359 913 486 971 Primam
513 916 611 991 posuit
637 934 711 987 eam,
733 915 769 972 de
789 933 846 990 qua
866 914 954 972 modo
975 912 1043 985 dixi,

208 1023 301 1085 5quae
315 1021 377 1069 orta
391 1022 466 1070 esset
480 1031 515 1070 ex
535 1013 729 1088 praesensione
749 1031 844 1070 rerum
865 1011 1042 1069 suturarum:

215 1107 366 1180 alteram,
392 1128 478 1184 quarn
501 1110 663 1185 ceperimus
683 1129 719 1167 ex
741 1109 940 1186 magnitudine
968 1128 1044 1167 corn·

157 1258 160 1267 ,
237 1204 397 1277 modorum,
419 1225 482 1281 quae
508 1207 708 1283 percipiuntur
736 1196 799 1264 ciali
826 1204 1043 1282 temperatione,

238 1301 415 1359 fecunditate
435 1297 585 1376 terrarum,
609 1304 786 1379 aliarumque
807 1303 1044 1360 commoditatum

237 1399 430 1475 complurium
445 1400 528 1476 copia
540 1392 694 1468 startiam,
710 1419 773 1477 quae
794 1385 913 1458 terreret
935 1401 1045 1458 animos

193 1507 225 1559 lu
238 1495 416 1569 fulminibus
437 1498 665 1574 tempestatibus,
687 1498 802 1569 nimbis,
824 1497 949 1570 nivibus,
964 1517 1046 1575 gran·

237 1594 363 1666 dinibus,
385 1596 528 1668 vastitate,
549 1595 722 1672 pestilentia,
750 1606 833 1653 terrae
861 1596 998 1667 motibus,
1018 1604 1046 1653 et

238 1710 314 1767 saepe
336 1692 506 1765 fremitibus,
529 1694 708 1770 lapideisque
729 1692 879 1765 imbribus,
901 1703 930 1750 et
958 1693 1046 1770 guttis

238 1788 375 1848 imbrium
390 1791 471 1867 quasi
487 1792 631 1861 cruentis3
653 1802 714 1848 tum
728 1791 851 1863 labibus,
864 1801 913 1848 aut
924 1790 1047 1866 repenti·

237 1886 283 1944 nis
315 1899 455 1946 terrarum
490 1888 633 1957 hiatibus3
667 1899 739 1958 tum,
767 1898 869 1964 praeter
902 1899 1046 1960 naturam,

193 1991 225 2042 15
237 1983 387 2041 bominum
420 1984 624 2060 pecudumque
650 1985 809 2060 portentis3
844 1994 904 2041 tum
934 1985 1046 2043 facibus

236 2079 305 2138 visis
339 2081 518 2151 caelestibus3
552 2091 615 2138 tum
649 2080 739 2139 stellis
775 2082 821 2152 iis,
849 2101 920 2157 quas
949 2081 1045 2141 Graeci

237 2186 374 2248 cometas,
389 2177 480 2235 nostri
502 2177 621 2235 crinitas
643 2188 756 2250 vocant,
772 2198 835 2254 quae
856 2175 948 2256 nuper
969 2179 1046 2238 bello

233 2273 399 2332 Octaviano
425 2294 594 2353 magnarum
622 2274 739 2332 suerunt
759 2276 955 2334 calamitatum
977 2296 1047 2353 praa·

235 2371 363 2442 nuntiae3
391 2382 453 2429 tum
481 2374 541 2432 sole
568 2372 724 2450 geminato,
746 2373 834 2447 quod,
862 2383 894 2430 ut
921 2393 938 2432 c
964 2384 1046 2451 patre

191 2477 225 2529 20
238 2469 343 2541 audivi,
358 2468 508 2528 Tuditano
522 2481 551 2528 et
563 2468 694 2546 Aquillio
708 2470 877 2527 consulibus
891 2483 1027 2530 evenerat
1035 2492 1043 2544 ;

237 2584 296 2641 quo
309 2565 424 2643 quidem
440 2586 517 2625 anno
529 2567 561 2628 P.
576 2567 734 2625 Africanus
744 2568 786 2624 sol
802 2567 872 2624 alter
886 2569 1047 2627 exstinctus

237 2673 297 2721 est:
319 2665 423 2741 quibus
437 2665 564 2724 exterriti
587 2666 717 2723 homines
738 2665 794 2722 vim
816 2666 962 2740 quandam
983 2685 1046 2726 esse

238 2761 382 2819 caelestem
410 2771 439 2820 et
466 2762 593 2820 divinam
620 2762 758 2839 suspicati
783 2773 858 2820 sunt.
900 2762 1046 2824 Quartam

238 2876 355 2916 causam
375 2879 448 2932 asse,
470 2878 591 2935 eamque
611 2861 655 2918 vel
684 2860 848 2932 maximam,
871 2861 1046 2936 aequabilita·

193 2964 296 3014 ffitem
330 2968 437 3028 motus,
472 2956 691 3014 conversionem
726 2957 809 3015 caeli:
840 2957 922 3027 solis,
957 2959 1044 3030 lunae,

238 3051 423 3129 siderumque
450 3054 580 3112 omnium
610 3054 838 3126 distinctionem,
866 3055 1044 3128 varietatem,

231 3149 495 3227 pulchritudinem,
512 3152 665 3211 ordinem:
687 3170 808 3228 quarum
830 3171 927 3210 rerum
949 3171 1046 3230 aspec-
