2409 3859
489 443 591 492 mana
611 443 642 490 n.
660 445 683 491 a
996 436 1033 496 71

179 610 243 657 neo
256 599 414 676 regantur?
459 595 556 658 Quod
569 594 602 654 ni
622 595 662 654 ita
682 594 767 669 esae't,
782 595 832 671 qui
852 596 992 673 potuisset

179 716 298 755 assensu
313 696 446 755 oruuium
462 694 565 752 dioere
578 692 702 766 Ennius,

180 829 294 892 “Aspice
317 828 366 876 hoe
388 826 499 875 sublime
522 824 644 886 candens,
666 840 740 888 quem
762 825 883 875 invocant
904 842 992 876 omnen

306 909 398 958 lovem
405 923 413 968 ;
421 909 437 929 '’

182 1028 261 1086 illurn
282 1047 352 1085 vero
373 1038 403 1085 et
424 1026 541 1098 dorem,
562 1036 591 1082 et
612 1026 821 1085 dominatorem
842 1046 949 1100 rerum,
963 1037 992 1085 et

183 1126 277 1184 omnia
291 1135 366 1183 nutu
380 1135 543 1202 regentem,
559 1133 597 1196 et,
612 1134 644 1181 ut
658 1123 736 1182 idem
749 1125 872 1197 Ennius,
1004 1136 1020 1185 5

273 1263 395 1298 ⁴⁴-
400 1265 500 1323 patrem
511 1258 646 1322 divumque
657 1258 864 1324 hominumque‚”

184 1392 212 1439 et
223 1393 396 1457 praesentem
412 1399 446 1437 ao
459 1390 669 1456 praepotentem
683 1379 798 1437 Deum?
839 1380 929 1442 Quod
942 1401 991 1456 qu.

184 1477 303 1549 dubitet,
319 1477 398 1537 haud
412 1496 484 1535 saue
499 1476 640 1555 intelligo,
657 1496 708 1534 our
722 1497 780 1534 non
796 1478 882 1548 idem,
898 1478 938 1534 sol
955 1479 991 1535 sit

186 1592 220 1632 en
244 1576 343 1633 nullus
370 1575 418 1646 ait,
441 1573 577 1631 dubitare
595 1575 695 1650 possit.
736 1574 820 1636 Quid
849 1574 927 1631 enirn
948 1584 991 1631 est

188 1670 302 1731 booiilo
323 1671 513 1730 evidentius!
553 1670 645 1732 Quod
666 1671 723 1729 nisi
743 1671 892 1748 cognitum
915 1684 1035 1732 com-10

188 1770 414 1845 prehensumque
443 1767 548 1826 animis
575 1769 757 1839 haberemus,
778 1786 837 1824 non
858 1780 915 1824 tarn
937 1779 992 1826 sta·

189 1866 247 1926 iiiia
259 1869 359 1944 opinio
371 1877 566 1944 permaneret,
581 1886 637 1924 neo
652 1867 869 1924 confirmaretur
883 1867 992 1925 diutur-

188 1965 269 2023 nitate
303 1965 456 2042 temporis,
484 1981 540 2021 neo
569 1983 627 2021 una
661 1983 728 2021 oum
762 1964 869 2021 seculis
902 1967 1000 2024 etati'

189 2060 290 2138 busque
314 2052 469 2120 hominum
498 2061 657 2119 inveterare
683 2062 831 2137 potuisset.
873 2063 990 2122 Etenim

189 2157 320 2232 ridemus,
349 2169 465 2218 ceteras
498 2158 650 2234 opiniones
683 2159 764 2216 fictas
793 2172 877 2235 atque
904 2182 991 2220 vanas
1005 2179 1035 2227 15

189 2253 371 2314 diuturnitate
386 2255 559 2312 extabuisse.
600 2255 679 2317 Quis
694 2257 771 2312 enim
787 2257 992 2332 hippocentau-

188 2367 244 2409 rum
258 2354 347 2412 fuisse
362 2361 414 2409 aut
429 2350 592 2408 ohimaeram
606 2353 704 2426 putat?
726 2370 824 2426 quaeve
839 2373 910 2411 anus
933 2364 990 2410 tam

189 2464 282 2508 exoora
310 2447 437 2507 inveniri
465 2459 567 2523 potest,
590 2467 653 2523 quae
682 2449 739 2518 illa,
761 2469 825 2524 quae
846 2450 990 2526 quondam

190 2548 388 2616 credebantur,
412 2545 486 2620 apud
507 2545 615 2602 inferos
641 2556 772 2621 portenta
799 2547 989 2604 extimescat?

189 2643 354 2717 opinionum
383 2642 460 2698 enim
482 2633 646 2701 commenta
672 2643 749 2700 delet
775 2645 852 2713 dies;
880 2648 1034 2700 naturaeffl

193 2737 299 2813 judicia
314 2738 473 2797 confirmat.
515 2739 617 2814 Itaque
631 2753 659 2798 et
673 2741 701 2797 in
717 2752 816 2799 nostro
836 2739 943 2816 populo
963 2751 992 2798 et

189 2833 336 2895 iuoeteris
350 2835 479 2894 Deorum
495 2837 590 2895 oultus
604 2839 836 2914 religionumque
857 2839 992 2896 sanctita·

188 2942 227 2991 teo
253 2934 383 2992 existunt
411 2933 439 2990 in
474 2935 536 2992 dies
569 2937 694 3012 majores
728 2947 813 3010 atque
847 2934 989 2992 meliores.

188 3025 276 3105 quue
291 3029 386 3086 evenit
401 3049 459 3088 non
472 3042 581 3089 temere
594 3051 650 3089 neo
664 3050 744 3102 casu,
759 3031 809 3088 sed
824 3030 899 3106 quod
920 3050 991 3108 pre-

188 3127 308 3184 sentiam
337 3145 411 3202 saepe
439 3128 497 3185 divi
518 3147 598 3185 suam
621 3129 784 3185 declarant:
813 3138 844 3184 ut
866 3139 895 3185 et
916 3128 1035 3205 apud25

189 3221 334 3299 Regillum
364 3224 438 3285 bello
465 3225 654 3299 Latinorum,
675 3244 747 3286 oum
777 3226 814 3286 a.
830 3225 1010 3284 uaeramus
