2409 3859
200 451 241 512 u
470 462 512 508 uu
532 461 668 509 aarum
687 461 834 509 osonum

246 612 277 670 iu
290 630 325 671 eu
345 623 458 685 natura,
473 631 538 689 quae
552 631 606 671 sua
620 612 764 688 voluptate
777 611 889 684 liutans,
903 611 977 670 nihil
999 629 1056 671 neu

190 785 193 790 ι
247 718 348 769 notura
374 710 411 768 ait
438 728 576 785 uuquam,
598 727 694 785 neque
723 720 798 787 agat,
820 727 915 784 neque
938 709 1054 788 egerit?

244 806 323 869 Quae
337 827 423 884 porro
435 807 527 885 pietas
542 806 569 865 ei
584 807 716 878 debetur,
732 826 749 864 a
763 825 821 882 quo
840 806 914 864 nihil
937 825 1057 883 aecepe-

219 960 224 968 ,
246 905 307 963 risl
331 917 379 963 aut
393 905 462 980 quid
476 904 606 977 omnine,
622 904 706 981 cujus
727 905 838 962 nullum
860 903 995 961 meritum
1009 904 1054 975 sit,

217 1003 275 1064 bei
289 1003 387 1061 deberi
408 1003 525 1078 potestl
541 1012 585 1060 est
606 1003 684 1062 enim
704 1002 806 1078 pietas,
824 1001 938 1078 justitia
959 1002 1056 1060 adrer-

246 1119 310 1159 sum
338 1099 434 1159 Deos:
462 1119 530 1158 eum
558 1100 663 1175 quibus
683 1100 753 1176 quid
773 1109 867 1176 potest
887 1099 973 1157 uobis
994 1117 1057 1158 esse

250 1198 333 1276 juris,
350 1217 418 1256 oum
432 1197 543 1256 homini
564 1199 644 1256 nulla
665 1217 733 1256 cum
753 1197 819 1256 Deo
839 1197 876 1255 sit
896 1197 1057 1272 communi-

248 1296 311 1354 tasl
347 1295 486 1354 sanctitas
513 1307 609 1354 autern
636 1307 681 1354 est
713 1294 835 1353 scientia
868 1294 1057 1352 colendorum

248 1393 396 1452 Deorum:
418 1393 468 1469 qui
481 1393 669 1470 quamobrem
684 1391 800 1451 uolendi
814 1403 890 1464 sunt,
902 1411 962 1450 uon
976 1391 1058 1451 intel·

186 1505 188 1508 ⁴
203 1497 236 1549 10
247 1484 414 1569 ligo,'nullo
427 1509 483 1550 nee
497 1501 619 1568 aooepto
633 1492 669 1549 ab
683 1490 719 1548 iis
732 1509 788 1548 neo
802 1499 916 1567 sperato
929 1490 1016 1549 bono.

135 1695 162 1768 ΙΙ
170 1685 193 1762 7
289 1686 386 1747 XLII.
414 1687 499 1750 Quid
514 1676 680 1758 astantem,
695 1685 773 1762 quod
787 1684 868 1744 Deos
887 1703 1057 1744 veneremur

248 1796 363 1862 propter
379 1785 599 1845 admirationem
614 1785 676 1861 ejus
689 1794 809 1855 naturae,
824 1783 854 1840 in
869 1802 926 1858 qua
947 1781 1057 1861 egregi·

249 1902 298 1940 um
326 1883 398 1941 nihil
427 1884 577 1942 videmusl
633 1881 710 1939 Nam
739 1880 953 1957 superstitione,
981 1880 1057 1955 quod

249 1980 367 2058 gloriari
384 1981 492 2051 soletis,
507 1979 593 2037 facile
614 1988 658 2036 est
678 1977 805 2049 liberari,
820 1997 887 2036 cum
908 1978 1058 2036 sustuleris

204 2094 237 2146 15
250 2095 366 2134 ornnem
387 2077 445 2134 virn
466 2076 605 2134 Deorum.
647 2075 714 2133 Nisi
736 2076 808 2134 sorte
829 2075 988 2154 Diagoram
1010 2085 1058 2134 aut

249 2174 448 2244 Theodorum,
475 2175 525 2249 qui
553 2173 673 2231 omniuo
706 2172 786 2232 Deos
813 2192 875 2232 esse
902 2176 1057 2252 negabant,

249 2291 352 2331 oenses
385 2272 599 2350 superstitiosos
634 2290 697 2330 esse
729 2271 868 2349 potuisse.
923 2271 989 2350 Ego
1021 2290 1058 2330 ne

247 2351 435 2448 l’rotagoram
464 2348 602 2446 quidem'i
630 2369 678 2428 oui
700 2380 834 2427 neutrum
855 2369 981 2445 liquerit,
1003 2389 1059 2428 neu

250 2488 314 2529 esse
329 2467 417 2541 Deos,
430 2488 486 2527 neo
496 2488 556 2527 nou
570 2488 643 2528 esse.
686 2468 801 2526 Horum
815 2467 893 2526 enim
908 2469 1059 2526 sententie

205 2567 380 2652 uuflomnium
400 2586 459 2625 nou
479 2568 566 2624 modo
579 2566 813 2642 superstitionem
827 2565 942 2637 tollunt,
957 2566 988 2624 iu
1003 2586 1060 2642 qua

251 2666 327 2724 inest
340 2664 425 2723 timor
440 2665 535 2723 inanis
549 2664 696 2735 Deorum;
711 2665 761 2722 sed
776 2663 864 2721 etiam
875 2664 1057 2742 religionem,

117 2744 158 2821 ‘ti
251 2782 315 2839 que
335 2761 465 2821 Deorum
493 2763 574 2821 uultu
601 2762 651 2839 pio
678 2762 850 2820 continetur.
891 2762 997 2823 Quidt
1027 2761 1059 2835 ii,

233 2860 302 2936 ¹qui
315 2860 459 2928 dixerunt,
474 2871 563 2919 totam
584 2861 621 2919 de
642 2859 697 2918 Dis
718 2860 928 2918 immortalibus
949 2860 1061 2936 opinio-

191 3011 195 3017 .
251 2976 318 3016 nem
332 2957 429 3016 fretam
444 2976 508 3017 esse
522 2959 558 3016 ab
572 2958 739 3016 homiuibus
753 2957 933 3033 sapientibus
948 2958 1061 3035 reipub-

206 3055 318 3129 2tlioae
345 3075 443 3124 eausa,
465 3065 507 3127 ut,
529 3074 601 3131 quos
628 3056 703 3114 ratio
729 3073 788 3114 uon
816 3065 922 3131 posset,
944 3074 996 3115 eos
1023 3055 1060 3115 od

123 3180 141 3228 ,ῃ
220 3174 223 3181 ’
246 3136 379 3213 'officium
393 3153 496 3232 religio
506 3152 637 3228 duoeret,
656 3171 753 3237 nonne
764 3171 879 3211 omnem
890 3153 1061 3232 religionem

187 3241 211 3338 ,ζ’
236 3250 378 3317 funditus
405 3252 613 3319 sustuleruntl
652 3249 761 3314 Quill
800 3251 951 3310 hulmus
970 3251 1064 3321 <kmi

117 3562 129 3589 a
171 3540 201 3590 ’ἐι
