2409 3859
407 456 411 463 ·
486 450 682 498 usauria
992 441 1035 501 ol

178 602 311 660 omitum
330 603 389 660 vitu
409 614 441 662 et
461 615 598 661 naturam
620 603 767 674 Deorum3
795 623 833 662 ne
859 601 991 661 homines

179 699 296 775 quidem
323 701 460 772 censetis,
487 699 547 757 nisi
581 701 718 759 imbecilli
746 712 851 772 essent,
879 702 990 758 futuros

181 795 327 854 beneficos
340 806 370 854 et
389 797 537 874 benignos
558 797 668 855 suissel
710 798 801 856 Nulla
821 809 865 856 est
886 799 990 855 caritas

180 893 320 951 muralis
333 896 408 952 inter
422 895 540 951 bonosl
583 895 690 952 Carum
707 895 799 972 ipsum
814 896 933 953 verbum
947 907 990 953 est

182 991 298 1061 amoris,
334 1009 370 1049 ex
397 1011 456 1067 quo
485 991 620 1050 amicitiae
647 1013 752 1051 nomen
780 1005 824 1051 est
851 994 1019 1051 ductum25

182 1106 268 1164 quam
282 1089 307 1146 si
330 1088 364 1146 ad
387 1090 517 1147 fructum
538 1103 666 1147 nostrum
687 1092 855 1164 reseremus,
877 1111 934 1148 non
956 1091 992 1148 ad

182 1185 259 1245 illius
285 1187 449 1258 commoda,
472 1205 560 1261 quern
584 1187 748 1265 diligimus3
777 1208 835 1246 non
863 1189 917 1246 erit
938 1189 992 1247 ista
1068 1211 1074 1232 ⁸

185 1282 323 1356 micitia,
343 1283 393 1341 sed
415 1293 582 1340 mercatura
602 1285 732 1360 quaedam
754 1286 908 1343 utilitatum
929 1306 993 1344 sua·

184 1398 254 1439 mm.
296 1379 383 1439 Prata
396 1391 427 1439 et
441 1399 511 1437 arva
531 1391 561 1438 et
580 1382 726 1457 pecudum
746 1401 849 1460 greges
869 1383 993 1459 diligun-

185 1486 228 1533 tur
254 1475 312 1533 isto
339 1476 436 1547 modo,
459 1474 538 1550 quod
565 1477 676 1533 fructus
703 1495 739 1533 ex
759 1477 802 1535 eis
821 1478 1036 1553 capiuntur31t)

186 1570 331 1631 hominum
346 1573 454 1631 caritas
467 1583 497 1629 et
511 1574 639 1631 amicitia
659 1575 783 1650 gratuita
803 1587 863 1633 est:
885 1587 992 1649 quanto

187 1667 270 1745 igitur
291 1669 383 1746 magis
404 1669 560 1726 Deorum?
587 1670 637 1745 qui
666 1670 745 1726 nulla
765 1690 796 1728 re
816 1682 943 1746 egentes,
965 1683 994 1729 et

188 1763 257 1824 inter
270 1785 301 1824 se
315 1766 453 1844 diligunt,
469 1776 497 1822 et
511 1765 677 1824 hominibus
698 1761 861 1824 consulunt.
901 1766 993 1829 Quod

188 1862 215 1920 ui
228 1863 268 1922 ita
281 1865 328 1936 sit,
343 1863 415 1939 quid
437 1880 617 1935 veneramur,
633 1864 702 1938 quid
723 1883 873 1939 precamur
894 1863 993 1924 Deosl

190 1976 237 2017 cnr
257 1961 349 2019 sacris
368 1959 533 2037 pontifices,
549 1979 600 2017 cur
623 1961 760 2035 auspiciis
782 1980 904 2038 augures
923 1982 993 2039 prae-
1007 1973 1037 2021 lt

189 2060 271 2117 snotl
299 2058 371 2135 quid
392 2067 527 2133 optamus
549 2078 564 2115 a
585 2058 641 2116 Dts
662 2057 895 2117 immortalibusl
923 2062 993 2136 quid

189 2159 337 2216 roremusl
382 2157 425 2214 At
446 2156 533 2213 etiarn
548 2158 620 2215 liber
635 2168 678 2214 est
692 2157 811 2233 Epicuri
833 2159 869 2216 de
890 2161 994 2218 sancti-

171 2262 250 2319 tate.
290 2255 438 2314 Ludimur
455 2254 490 2309 ab
503 2254 621 2311 homine
636 2260 765 2312 nontam
788 2257 892 2329 faceto,
907 2277 993 2333 quam
1066 2247 1076 2292 ¹
1083 2236 1092 2283 ⁸.

181 2349 221 2407 td
233 2351 382 2410 scribendi
398 2349 544 2408 licentiam
565 2351 665 2407 libero.
706 2351 783 2412 Quae
804 2353 881 2410 enim
902 2366 994 2430 potest

190 2464 246 2507 esse
266 2449 420 2516 sanctitas,
441 2447 465 2503 si
492 2446 531 2505 Di
552 2448 679 2504 humana
699 2467 756 2505 non
778 2453 900 2508 curantl
930 2470 1037 2525 quaeso

191 2559 280 2606 autem
318 2547 451 2604 animans
478 2559 589 2618 natura,
618 2547 690 2605 nihil
718 2553 846 2608 curans?
888 2550 994 2607 Verius

191 2645 332 2722 tetigitur
348 2643 485 2701 nimirum
501 2644 581 2715 illud,
597 2647 672 2720 quod
695 2647 842 2705 familiaris
863 2648 993 2705 omnium

190 2742 317 2800 romum
338 2737 514 2799 Posidonius
535 2742 670 2801 disseruit
691 2745 721 2800 in
741 2743 816 2802 libro
836 2744 936 2819 quinto
957 2746 993 2804 de

190 2848 291 2895 natura
304 2837 444 2909 Deorum,
459 2838 554 2895 nullos
568 2857 631 2896 esse
644 2840 733 2911 Deos,
746 2840 873 2917 Epicuro
887 2842 991 2913 videri3

191 2950 311 3008 quaeque
339 2932 363 2989 is
384 2932 419 2991 de
439 2934 494 2991 Dis
515 2935 723 3005 immortalibus
744 2936 856 3008 dixerit,
879 2937 992 2996 invidiae
1006 2955 1037 3003 ᾖ

194 3028 365 3091 detestande
379 3031 471 3106 gratia
484 3031 607 3088 dixisse:
628 3051 722 3108 neque
743 3035 820 3090 enim
841 3045 899 3091 tam
920 3035 993 3093 desi·

192 3126 273 3201 piens
287 3125 396 3197 suisset,
410 3139 442 3185 ut
456 3128 625 3186 homunculi
645 3129 767 3186 similem
789 3129 884 3188 Deum
905 3133 993 3210 finge·

192 3233 245 3289 ret,
264 3221 445 3285 lineamentis
472 3224 625 3287 dumtaxat
651 3226 805 3303 extremis,
818 3246 886 3288 nou
895 3229 1009 3288 ndum
