2409 3859
393 452 397 458 '
490 466 585 518 mun
603 466 623 513 1.
641 467 678 515 so.
987 448 1028 513 ³³

178 628 267 677 rutum
295 619 362 677 foro
382 635 417 676 so
437 610 550 692 semper
569 634 637 675 oum
657 615 688 675 in
708 614 849 688 maximis,
869 625 932 673 tum
952 612 982 671 iu

181 717 291 777 uternis
304 715 514 794 voluptatibus.

218 910 289 970 XX.
318 872 412 968 linito
424 909 521 967 Deum
535 874 589 968 rite
602 909 718 967 beatum
731 908 902 978 dixerimus3
923 926 983 966 ves·
1051 910 1075 975 5

183 1016 254 1066 trum
287 1025 357 1065 vero
391 1005 656 1064 laboriosissimum.
711 1007 778 1064 Sive
811 1005 888 1063 enim
923 1004 983 1080 ipse

184 1104 304 1162 mundus
323 1102 407 1161 Dens
432 1111 485 1174 est,
507 1103 574 1179 quid
594 1112 689 1180 potest
707 1121 770 1161 esse
791 1103 885 1160 minus
905 1101 1011 1177 quie-5

168 1209 252 1274 tum,
278 1220 375 1278 quum,
404 1190 491 1258 nullo
511 1186 626 1276 punotd'
646 1201 783 1285 temporis
810 1196 981 1272 intermisso,

186 1301 285 1358 insuti
313 1300 427 1358 oiroum
449 1316 530 1356 axem
551 1299 615 1357 oaeli
637 1298 983 1357 admirabili-eeleritate?

185 1397 236 1456 uisi
249 1398 380 1473 quietum
394 1407 501 1466 autem,
511 1396 580 1452 nihil
596 1397 710 1454 beatum
724 1406 783 1454 est:
804 1396 863 1453 sive
877 1397 906 1453 in
921 1396 983 1471 ipso

185 1494 288 1551 mundo
307 1493 391 1551 Deus
413 1492 488 1550 inest
508 1492 620 1567 uliquis,
634 1493 683 1567 qni
704 1502 794 1570 regat,
809 1493 858 1567 qui
879 1493 983 1570 guber·

185 1603 239 1665 net,
252 1592 302 1667 qui
323 1608 428 1650 sursus
449 1600 597 1663 astrorum,
620 1591 791 1648 mutationes
812 1601 982 1666 temporum,
996 1603 1026 1652 10

185 1705 274 1746 rerum
287 1684 504 1746 vicissitudines
523 1687 694 1761 ordinesque
715 1679 873 1757 oouseivet,
894 1696 984 1742 terras

185 1785 311 1843 etmmia
331 1782 540 1885 contemnisns,
554 1783 704 1841 hominum
726 1782 878 1840 commoda
898 1781 982 1838 vitas·

185 1900 236 1957 que
266 1891 400 1952 tuentum
426 1854 562 1963 'instilla
589 1890 633 1939 est
660 1880 823 1956 implicatus
855 1879 983 1938 molestis

184 1982 303 2058 nogotiis
316 1991 346 2039 et
360 1979 496 2057 operosis.
537 1979 601 2038 Nos
616 1990 711 2037 nutem
726 1980 838 2037 beatam
852 1979 938 2038 vitam
953 1981 983 2037 in
1021 1976 1079 2047 53

185 2079 267 2138 mimi
280 2080 439 2138 securitate
452 2087 482 2136 et
491 2077 521 2135 in
532 2078 660 2135 omnium
671 2079 821 2136 vacatione
832 2097 983 2137 munerum
996 2093 1027 2142 15

184 2177 329 2251 ponimus:
365 2174 482 2232 doouit¹
500 2175 577 2233 enim
605 2194 658 2232 nos
685 2175 772 2246 idem,
799 2176 848 2250 qui
876 2187 982 2246 cetera,

184 2245 432 2332 notorieffeotum
447 2290 509 2329 esse
530 2264 686 2342 mundum3
708 2272 780 2329 nihil
801 2291 874 2348 opus
894 2273 984 2331 fnisse

184 2346 304 2440 ftbrioi;
325 2381 445 2443 tamque
458 2385 520 2426 eam
535 2387 596 2426 reni
610 2386 673 2426 esse
688 2369 812 2440 facilem,
827 2387 912 2444 qnam
933 2387 984 2426 vos

183 2465 254 2524 effici
273 2465 390 2543 negatis
410 2464 472 2522 sine
493 2448 590 2522 divini
608 2483 691 2540 posse
712 2440 836 2537 solemni,
850 2475 882 2522 ut
902 2464 985 2521 innu-

183 2563 332 2621 merabiles
359 2570 463 2618 notum
488 2555 611 2618 mundos
638 2562 775 2619 effectura
801 2562 846 2634 sit,
868 2561 982 2634 efficiat,
995 2571 1028 2622 20

184 2658 315 2717 effoderit
356 2656 530 2732 Quodfluia
544 2657 784 2732 quemadmodum
804 2668 906 2716 natura
926 2659 984 2716 effi-

185 2772 247 2813 oere
266 2756 330 2812 sine
359 2753 454 2828 aliqua
474 2764 570 2812 mente
595 2755 695 2830 possit,
717 2774 774 2812 non
803 2755 923 2825 videtis3
952 2766 984 2815 ut

184 2851 283 2929 tragici
304 2860 409 2927 poete,
431 2869 497 2908 oum
518 2851 661 2927 explicare
688 2852 848 2929 argumenti
875 2852 983 2910 exitum

184 2947 381 3024 omipotentis,
396 2946 552 3024 confugitis
566 2948 601 3005 ad
616 2947 728 3021 Deum3
754 2946 838 3023 eujus
866 2967 983 3025 opernm

185 3036 313 3118 proieetd‘
324 3061 383 3102 non
398 3038 607 3116 desideriretis,
622 3044 647 3101 si
668 3044 836 3101 immensam
856 3054 885 3101 et
898 3045 984 3104 inter·
996 3047 1028 3099 25
1077 3062 1078 3068 ¹

186 3140 321 3199 minutum
333 3141 362 3199 in
373 3158 475 3199 omnes
483 3150 580 3218 partes
591 3140 821 3220 magnitudinem
833 3142 986 3218 regionum

186 3235 331 3296 videretis:
350 3236 382 3299 in
396 3258 485 3319 qnam
506 3260 540 3305 se
560 3240 704 3326 injiciens
724 3239 846 3301 unimus
864 3238 1013 3297 stiones
