2409 3859
506 474 602 521 LlllEll
621 475 640 520 l.
661 476 695 521 1⁰.
767 486 770 492 '

179 628 312 687 molitio:
352 645 391 684 sn
420 622 596 682 stultoruml
625 635 652 682 at
679 625 805 701 primum
833 644 921 683 nauso
942 644 1002 683 non

182 725 244 796 init,
273 743 332 782 eur
361 723 401 782 de
428 722 570 796 improbis
597 723 670 780 bene
696 733 869 781 mereretur:
897 723 1002 781 deinde

186 812 253 901 qnid
273 833 321 880 est
344 831 510 890 assecutus,
533 837 599 876 oum
627 839 726 878 omnes
753 820 833 877 stulti
862 820 919 878 sint
939 821 1001 878 sine

188 920 274 977 rlubio
290 917 470 986 miserrimi3
494 916 615 974 maxime
630 917 707 990 qnod
720 918 798 975 stulti
813 927 896 974 sunt:
918 917 1002 976 mise·

190 1014 343 1075 rius'enim
357 1014 488 1073 stultitiu'
501 1013 569 1087 quid
582 1032 735 1089 possumus
756 1014 875 1072 dioerel
896 1014 1026 1072 deinde5

191 1113 265 1188 quod
279 1113 322 1170 ita
334 1111 429 1169 multa
443 1120 513 1167 sunt
527 1109 708 1167 incommode
723 1111 753 1168 in
764 1111 832 1183 viti,
844 1121 875 1168 ut
885 1111 1001 1187 easnpi·

161 1238 164 1243 ·
191 1221 270 1269 entes
291 1204 762 1284 commodornmspompensatione
783 1207 900 1279 leniunt,
921 1208 999 1267 stulti

191 1325 246 1365 neo
258 1304 348 1366 ritune
362 1304 514 1372 venientis
533 1315 662 1380 possunt,
676 1324 732 1363 neo
745 1306 819 1363 serre
838 1306 997 1382 presentia.

229 1500 268 1559 Χ.
288 1499 352 1562 Qui
362 1517 436 1557 vero
444 1498 582 1555 mundum
594 1499 686 1574 ipsum
702 1499 875 1558 animantem
889 1500 999 1575 sapien·

192 1588 307 1673 temque
320 1615 386 1656 esse
400 1581 546 1666 dixerunt,
560 1596 641 1652 nullo
657 1597 743 1653 modo
756 1596 888 1654 viderunt
909 1597 997 1654 enimi
1009 1608 1040 1657 lo

192 1706 331 1766 naturam,
346 1711 408 1751 non
424 1691 617 1768 intelligentes
631 1694 661 1750 in
676 1710 760 1768 qnam
774 1693 895 1768 figurem
916 1693 999 1751 eade-

191 1810 222 1849 re
247 1803 363 1868 posset:
392 1790 432 1848 de
459 1807 516 1863 quo
542 1789 638 1848 dicam
666 1789 799 1864 equidem
819 1786 998 1864 paulopost.

193 1888 284 1947 Nono
305 1900 404 1947 sutem
425 1886 566 1944 haetenus
587 1887 749 1945 admirabor
769 1904 868 1945 eorum
883 1887 998 1946 tardita-

145 1982 148 1987 ’
191 1997 259 2058 tem,
288 1987 339 2061 qni
368 1984 556 2055 animantem,
586 1984 784 2055 immortalem,
812 1994 841 2042 et
874 1986 997 2043 eundem

192 2084 318 2154 beatum,
346 2079 506 2140 rotundum
531 2098 595 2141 esse
622 2081 721 2152 velint,
743 2081 818 2155 quod
845 2099 880 2138 ee
907 2079 998 2139 sormi
1008 2091 1039 2139 15

190 2195 277 2256 neget
291 2179 381 2237 ullam
395 2195 461 2235 esse
474 2176 667 2251 pulchriorem
681 2176 771 2235 Plato.
813 2178 855 2234 At
868 2178 937 2235 mihi
953 2177 996 2235 vel

190 2273 326 2350 cylindri,
351 2272 397 2331 vel
426 2271 566 2351 quadrati,
594 2272 637 2330 vel
667 2272 743 2342 coni,
772 2272 815 2330 vel
842 2273 998 2348 pyramidis

190 2371 383 2429 videturesse
399 2368 557 2425 formosior.
597 2368 675 2430 Quae
696 2386 764 2426 vero
784 2369 841 2426 vita
861 2369 997 2426 tribuitur

191 2467 238 2525 isti
251 2467 379 2526 rotundo
393 2465 480 2522 Deo?
502 2483 605 2540 nempe
618 2476 650 2523 ut
663 2484 697 2523 ea
718 2465 863 2523 eeleritate
884 2476 997 2522 contor-

192 2558 323 2638 quetitur,
339 2560 389 2619 oui
410 2579 462 2634 par
483 2561 561 2619 nulle
581 2580 618 2619 ne
633 2561 754 2637 eogitari
769 2562 884 2636 quidem
897 2562 995 2637 possit.
1006 2571 1037 2620 20

191 2659 225 2717 In
246 2655 311 2734 qua*
325 2677 387 2715 non
402 2657 626 2731 videopnbinam
642 2676 723 2715 mens
737 2668 926 2733 constansget
941 2658 997 2716 vita

192 2756 276 2814 beata
288 2753 381 2831 possit
396 2753 532 2811 insistere.
573 2752 722 2841 Quloqque
730 2752 771 2835 ’in¹
780 2764 877 2809 nostro
898 2772 997 2828 eorpo-

192 2871 232 2923 re,
247 2852 273 2910 si
293 2850 465 2910 minimi'ex
477 2859 557 2924 parte
570 2836 763 2926 significetui,
780 2849 927 2906 molestum
949 2851 996 2922 sit,

194 2968 245 3008 our
274 2949 332 3006 boo
354 2946 431 3003 idem
450 2965 509 3005 non
531 2948 668 3005 habentur
689 2946 840 3004 molestum
861 2945 890 3002 in
912 2947 995 3004 Deol

193 3045 290 3105 Terra
316 3043 395 3102 enirn
422 3043 560 3118 prolecto,
581 3044 717 3119 qnoniam
738 3041 838 3099 mundi
857 3061 923 3117 pars
942 3053 1037 3113 est,25

193 3139 417 3220 porsestetium
431 3139 495 3198 Dei.
537 3140 628 3216 Atqui
642 3151 725 3198 terrie
746 3137 883 3219 maximos
905 3139 997 3214 regio·

191 3256 251 3309 nesi,
272 3235 476 3299 inhabitabiles
504 3249 593 3320 atque
620 3238 752 3301 incultus
769 3235 919 3309 silemus,
934 3231 1017 3309 upob
