2409 3859
539 477 588 523 ua.
600 476 735 524 nannai
754 476 899 547 uaoauu.

316 641 389 684 rum.
430 625 569 703 Idemque
589 628 677 685 etiam
697 628 770 704 legis
790 637 986 704 perpetuaret
1005 637 1098 686 aterni

316 722 384 792 vim,
403 742 469 800 quaa
488 725 569 800 quasi
590 725 649 781 dux
668 725 733 782 vita
753 735 782 782 et
802 724 938 802 magistra
957 725 1098 784 officiorur

131 890 133 897 Ι
316 819 474 893 sit,Jovem
488 820 559 879 dicit
573 839 654 892 esse;
676 820 854 897 eandemque
868 821 983 880 fatalem
995 841 1098 880 necess

316 927 404 976 tatem
432 917 564 994 appellat,
591 918 796 994 sempiternam
828 937 925 977 rerum
958 920 1098 978 futurarm

111 903 134 1095 l'
286 1013 481 1076 breritatem:
508 1032 629 1091 quorum
649 1015 721 1072 nibil
741 1015 798 1073 tale
824 1026 878 1089 est,
899 1026 931 1074 ut
958 1016 988 1074 iu
1015 1035 1051 1075 eo
1078 1019 1098 1075 vi

174 1115 178 1121 ’
221 1122 269 1192 (Η
316 1111 413 1170 divina
426 1112 521 1170 inesse
534 1112 672 1173 videatur.
715 1112 753 1169 Et
767 1113 830 1170 haec
843 1113 960 1188 quidem
972 1113 1005 1183 in
1025 1115 1098 1191 prim

315 1209 390 1268 libro
403 1209 439 1267 de
453 1219 555 1267 natura
574 1209 722 1268 Deorum:
744 1210 773 1267 in
794 1211 924 1268 secundo
944 1222 1038 1269 autam
1060 1231 1096 1269 vu

315 1304 438 1383 Orphei,
473 1305 591 1380 Musaei,
626 1306 760 1379 Hesiodi,
789 1307 967 1382 Homerique
1002 1309 1098 1367 fabella

317 1403 536 1461 accommodare
550 1403 584 1461 ad
600 1422 645 1476 ea,
662 1422 726 1480 quaa
740 1403 801 1480 ipse
814 1404 908 1480 primo
921 1404 996 1462 libro
1009 1405 1046 1463 de
1065 1406 1098 1463 Di

272 1505 304 1557 1⁰
316 1499 524 1558 immortalibus
544 1501 664 1558 dixerit:
692 1510 725 1557 ut
744 1501 831 1558 etiam
851 1501 995 1559 veterrimi
1016 1512 1098 1578 poeta

316 1596 366 1674 qui
386 1597 449 1654 haec
469 1615 506 1656 ne
526 1597 664 1674 suspicati
685 1598 801 1673 quidem
822 1598 889 1669 sint,
911 1599 1004 1656 Stoici
1032 1599 1098 1657 fuiss

315 1693 473 1753 videantur.
514 1694 615 1757 Quem
641 1694 790 1772 Diogenes
817 1695 993 1771 Babylonius
1021 1714 1098 1754 const

316 1810 408 1869 quens
427 1791 458 1850 in
479 1809 514 1850 eo
533 1792 617 1864 libro,
639 1791 689 1866 qui
717 1791 884 1848 inscribitur
910 1791 947 1848 de
974 1789 1098 1849 Minervr

314 1874 428 1964 dalilam
442 1888 522 1946 Jovis
542 1898 694 1963 ortumque
714 1886 834 1964 virginis
855 1887 889 1944 ad
910 1886 1098 1966 physiologiar

272 1993 304 2044 15
316 1984 479 2058 traducens,
491 1984 621 2063 dejungit
635 2003 651 2042 a
665 1982 769 2042 sabula.

356 2174 439 2236 XVI.
468 2176 597 2254 Exposui
611 2178 671 2235 sere
681 2195 740 2234 non
750 2175 984 2253 philosophorum
998 2175 1098 2254 judicii

316 2276 368 2334 sed
382 2276 567 2333 delirantium
587 2274 716 2332 somniat
737 2291 793 2330 neo
812 2273 892 2331 enirn
912 2270 1003 2332 multo
1024 2277 1098 2332 absu:

113 2354 137 2429 ¹².
244 2377 247 2391 ‘
316 2373 398 2431 diora
418 2382 485 2430 sunt
504 2390 548 2443 ea,
569 2390 634 2454 que
653 2380 803 2446 poetarum
824 2371 944 2428 vocibus
965 2370 1037 2440 susa,
1059 2372 1098 2448 ips

316 2470 456 2530 suavitate
475 2466 657 2526 nocuerunt:
687 2466 736 2541 qui
757 2476 786 2524 et
806 2467 849 2525 ira
869 2467 1070 2539 inflammatos,
1091 2487 1098 2525 r

271 2571 304 2623 20
316 2566 438 2624 libidine
458 2565 585 2625 furantes
606 2563 781 2621 induxerunt
801 2564 900 2621 Deos:
922 2564 1098 2639 feceruntque

315 2673 467 2722 uteorum
489 2661 573 2733 bella,
594 2659 705 2736 proelia,
726 2678 847 2736 pugnas,
868 2661 987 2718 vulnera
1013 2661 1098 2719 vider«

315 2776 395 2830 mus3
423 2759 491 2817 odia
515 2769 663 2834 praeterea,
691 2756 820 2829 dissidia,
841 2757 1010 2828 discordias,
1030 2766 1098 2814 ortu

316 2855 458 2929 interitus,
474 2855 615 2932 querelas,
628 2852 858 2926 lamentationes,
873 2854 977 2911 effusas
991 2854 1020 2911 in
1041 2871 1098 2910 omr

316 2951 537 3028 intemperantia
561 2950 708 3018 libidines,
736 2950 886 3039 adulteria,
906 2949 1031 3020 vincula,
1052 2966 1098 3006 cur

271 3062 304 3113 m
316 3053 443 3110 humano
469 3068 575 3129 genere
596 3049 779 3120 concubitus,
801 3047 993 3122 mortalesque
1013 3066 1049 3105 ex
1069 3047 1098 3105 iu

217 3158 284 3217 43
312 3146 484 3205 mortalibus
516 3157 690 3223 procreatos.
745 3145 822 3203 Cum
848 3154 996 3220 poetarum
1024 3155 1098 3202 auter

296 3257 402 3300 errore
415 3244 602 3324 conjungere
616 3243 689 3303 licet
700 3251 839 3322 portenta
847 3258 1012 3318 magorum,
1020 3242 1098 3317 Q*
