2409 3859
199 455 236 515 rt
461 468 505 515 aa
523 469 658 516 aarum
676 469 821 515 nannum.

130 619 152 695 3
279 615 330 675 vt.
366 618 425 676 Sed
448 618 517 696 jam,
539 629 572 677 nt
598 620 676 678 omni
703 638 750 677 me
776 610 884 677 invidia¹
909 619 1039 691 liberem,

239 733 345 791 penam
372 715 402 773 in
430 717 525 774 medic
551 717 708 774 sententias
734 716 969 792 philosophorum
1003 717 1040 777 de

141 813 144 817 ’
239 823 342 870 natura
368 813 513 871 Deorum:
541 832 598 888 quo
625 813 740 888 quidem
768 813 834 871 loco
861 814 1040 873 convocandi

239 927 340 968 omnes
365 895 507 982 videntur,
529 910 588 985 qui,
611 929 674 985 quae
694 909 731 967 sit
751 929 849 968 earum
870 929 946 982 vera,
964 911 1040 987 judi·

209 1016 227 1064 c
240 1014 314 1062 cent.
355 1005 434 1062 Tum
455 1005 570 1083 demum
585 1005 655 1062 mihi
669 1023 777 1080 procax
789 1004 950 1063 Academia
963 1005 1040 1062 vide·

238 1101 325 1173 bitur,
340 1101 364 1159 si
379 1113 427 1160 aut
441 1102 638 1160 consenserint
652 1120 761 1170 omnes,
778 1112 826 1159 aut
838 1102 893 1163 erit
907 1102 1040 1160 inventus

239 1199 350 1275 aliquis,
374 1199 433 1274 qni,
461 1200 529 1275 quid
556 1199 728 1269 resumsit,
751 1198 899 1258 invenerit.
938 1199 1040 1274 ltaque

238 1296 309 1353 mihi
330 1296 400 1354 libet
420 1297 590 1369 exclamare,
612 1308 645 1355 ut
665 1297 694 1354 in
716 1297 914 1374 Synephebis:
935 1338 939 1345 ·

238 1494 255 1520 “
262 1489 310 1537 Pro
322 1489 415 1549 Deum,
423 1452 581 1553 popularium
588 1491 710 1552 omnium,
719 1492 830 1539 omnium
842 1489 1041 1539 adolescentium

170 1562 173 1567 ⁵
194 1564 225 1614 10
239 1569 336 1632 Clamo,
346 1571 453 1634 postulo,
464 1572 574 1633 obsecro,
583 1587 635 1632 oro,
643 1571 720 1635 ploro,
729 1577 802 1634 atque
814 1571 917 1634 imploro
926 1571 1001 1619 fidem
1008 1585 1015 1629 3
1024 1569 1039 1589 ”

239 1751 296 1789 non
324 1731 466 1790 levissima
486 1733 522 1790 de
542 1750 583 1805 re,
606 1743 637 1790 ut
657 1733 785 1808 queritur
806 1733 853 1790 ille
874 1733 904 1789 in
925 1731 1041 1790 civitate

238 1812 301 1886 fieri
322 1829 451 1887 facinora
471 1830 622 1907 capitalia:
897 1816 903 1825 ’

238 2007 255 2033 “
262 2003 302 2051 Ab
310 2004 390 2052 amico
398 2009 495 2052 amante
504 2011 636 2068 argentum
644 2002 754 2066 accipere
763 2001 879 2051 meretrix
887 2017 938 2050 non
947 2003 1003 2051 vult
1008 2017 1016 2062 ;
1024 2003 1040 2025 ”

239 2165 289 2223 sed
303 2176 336 2223 ut
350 2165 453 2235 adsint,
467 2175 655 2242 cognoscant,
671 2165 906 2235 animadvertant,
921 2165 990 2240 quid
1004 2165 1041 2223 de

194 2263 387 2339 rereligione,
415 2263 531 2338 pietate,
561 2262 723 2328 sanctitate,
752 2262 938 2334 cerimoniis,
973 2263 1040 2333 fide,

244 2359 441 2436 jurejurando,
456 2359 525 2433 quid
539 2359 576 2417 de
589 2359 713 2433 templis,
728 2359 864 2430 delubris,
879 2359 1042 2419 sacrificiis·

239 2476 295 2532 que
315 2455 510 2526 sollemnibus,
532 2455 599 2530 quid
621 2454 748 2530 deipsis
770 2456 915 2531 auspiciis,
936 2455 1042 2530 quibus

238 2573 292 2611 noa
324 2572 492 2629 praesumus,
519 2548 742 2610 existimandum
775 2553 831 2609 sit:
866 2552 929 2609 haec
962 2553 1040 2610 enim

239 2650 337 2707 omnia
358 2650 392 2706 cd
414 2649 490 2707 hanc
510 2649 547 2706 de
560 2648 616 2706 Dis
630 2649 840 2707 immortalibus
853 2649 1041 2724 questionem

194 2757 225 2806 20
239 2747 388 2805 referenda
400 2757 475 2805 sunt.
518 2746 653 2805 Profecto
666 2765 716 2805 eos
731 2748 816 2823 ipsos,
828 2748 877 2823 qni
888 2767 919 2805 se
934 2748 1041 2823 aliquid

240 2845 310 2900 certi
325 2844 431 2902 habere
446 2844 628 2915 arbitrantur,
644 2845 811 2902 addubitare
832 2856 916 2922 coget
936 2846 1040 2902 doctis·

239 2941 375 2998 simorum
397 2941 545 2999 hominurn
567 2942 603 2998 de
617 2943 741 3000 maxima
754 2961 785 3001 re
799 2953 878 3000 tanta
891 2942 1039 3000 dissensio.

130 3022 151 3095 Γ
238 3036 327 3096 Quod
344 3056 410 3095 cum
424 3057 499 3114 saepe
521 3038 600 3104 alias,
617 3049 676 3095 turn
699 3039 821 3096 maxime
842 3039 1039 3110 animadverti,

239 3150 305 3189 cum
322 3133 395 3207 apud
410 3134 444 3191 Ο.
460 3134 585 3206 Cottam,
602 3134 771 3192 familiarem
785 3152 891 3206 meum,
907 3147 1041 3193 accurate

176 3240 214 3286 2⁵
224 3246 299 3284 sane
313 3240 344 3287 et
357 3231 516 3311 diligenter
527 3232 564 3291 de
573 3229 632 3290 Dia
644 3230 854 3290 immortalibus
866 3233 1041 3307 dieuntatum
