2409 3859
525 340 623 386 crees
634 329 662 386 ut
680 341 716 386 41.
1028 326 1070 389 63
1090 338 1092 343 ·

212 502 250 552 ea
269 491 408 568 questiot
429 491 481 550 sed
501 493 595 550 doceo
615 491 695 550 Deos
711 502 822 550 vestros
841 491 1025 567 esse-volup-

211 591 284 650 tatis
304 600 454 667 expertes:
477 591 517 649 ita
536 601 631 650 restro
649 590 763 666 judicio
784 608 820 648 ne
841 589 940 648 beatos
962 589 1023 666 qui·

213 689 292 748 demss

254 883 337 943 XLI.
365 878 410 943 At
420 885 519 944 dolore
533 897 644 944 vacant.
687 886 778 944 Satin’
791 897 834 944 est
848 885 878 944 id
893 885 928 942 ad
943 885 1020 944 illam
1041 890 1043 895 ’
1081 882 1105 945 ll

213 981 410 1040 abundantem
433 983 516 1040 bonis
531 984 617 1041 vitam
633 984 850 1041 beatissimam?
893 982 1019 1060 Cogitat,
1033 987 1049 1035 5

211 1078 360 1154 inquiunt,
371 1080 485 1138 assidue
496 1081 611 1139 beatum
623 1100 686 1139 esse
697 1100 745 1139 se:
766 1081 852 1139 habet
862 1081 940 1139 enim
948 1080 1020 1139 nihil

212 1174 305 1249 aliud,
316 1177 393 1252 quod
408 1179 496 1255 agitet
511 1179 541 1236 in
556 1189 660 1237 mente.
697 1179 919 1255 comprehende
933 1180 1021 1257 igitur

212 1274 323 1347 animo,
338 1286 366 1332 et
380 1294 509 1351 propone
530 1287 596 1334 ente
617 1277 728 1348 oculos,
744 1276 840 1335 Deum
855 1277 927 1334 nihil
943 1277 1019 1335 aliud
1096 1300 1100 1313 ·

211 1371 243 1429 in
258 1371 337 1430 omui
353 1373 522 1444 aeternitate,
533 1373 600 1445 nisi,
612 1374 690 1431 tuti
697 1375 819 1450 pulchre
833 1383 884 1442 est,
900 1386 937 1446 et,
949 1375 1020 1450 Ego

211 1469 314 1526 beatus
334 1488 404 1541 sum,
420 1471 606 1548 cogitantem.
648 1470 715 1528 Nec
735 1480 833 1528 tamen
853 1471 947 1541 video,
962 1491 1020 1547 quo
1033 1482 1063 1532 10

212 1565 302 1623 modo
321 1574 379 1625 non
401 1577 532 1625 vereatur
547 1567 600 1625 iste
615 1566 696 1624 Deus
710 1568 821 1639 beatus,
835 1587 873 1626 ne
888 1569 1018 1641 intereat,

211 1680 281 1722 cum
295 1664 357 1723 sine
371 1665 430 1722 ulla
452 1665 668 1723 intermissione
688 1665 817 1742 pulsetur
838 1665 1019 1743 agiteturque

211 1772 373 1820 atomorum
387 1763 554 1820 incursione
568 1763 752 1842 sempiterna,
768 1782 893 1838 cumque
907 1782 942 1821 ex
956 1764 1019 1839 ipso

210 1859 354 1938 imagines
381 1879 494 1937 semper
524 1861 649 1919 affluant.
691 1859 736 1919 Ita
763 1880 819 1919 nec
846 1861 948 1920 beatus
974 1871 1019 1921 est

209 1969 305 2016 vester
325 1957 416 2030 Deus,
437 1977 493 2016 nec
514 1968 645 2017 eternus.
687 1960 728 2017 At
748 1959 835 2018 etiam
857 1960 893 2017 de
913 1961 1063 2019 sancti-15.
1090 1970 1104 2020 Ι

209 2067 281 2129 tate,
309 2056 345 2116 de
371 2057 478 2134 pietate
507 2056 642 2115 adversus
669 2057 758 2129 Deos,
787 2057 876 2116 libros
902 2059 1018 2136 scripsit

209 2156 366 2233 Epicurus.
408 2157 448 2214 At
475 2176 533 2232 quo
559 2156 647 2214 modo
673 2157 703 2215 in
731 2157 776 2215 his
802 2157 950 2233 loquitur?
985 2171 1017 2218 ut

209 2253 439 2325 Coruncanium,
452 2264 501 2310 aut
515 2254 686 2326 scevolam,
697 2255 850 2329 pontifices
865 2256 1016 2329 maximos,

208 2351 356 2410 te'audire
370 2351 469 2409 dicas:
492 2369 550 2408 non
572 2369 649 2421 eum,
665 2351 714 2426 qui
735 2351 882 2410 sustulerit
901 2371 1016 2412 omnem

209 2449 341 2508 funditus
354 2448 535 2526 religionem,
550 2466 606 2505 nec
624 2449 766 2520 manibus,
781 2432 813 2506 ut
828 2449 950 2518 Xerxes,
965 2451 1016 2509 sed
1028 2459 1060 2509 2⁰

208 2546 371 2605 rationibus
399 2546 529 2604 Deorum
550 2545 755 2603 immortalium
776 2546 884 2623 templa
903 2557 932 2604 et
953 2566 1016 2606 aras

191 2645 353 2725 *everterit
392 2643 477 2706 Quid
499 2653 543 2701 est
563 2643 652 2714 enim,
668 2662 720 2701 cur
741 2643 821 2701 Deos
844 2645 879 2701 ab
893 2643 1014 2705 homini·

181 2780 185 2786 -
209 2742 265 2799 bus
280 2741 419 2800 colendos
440 2741 530 2813 dicas,
547 2759 614 2798 cum
635 2739 675 2798 Di
696 2758 755 2798 non
776 2741 863 2799 modo
884 2741 1015 2801 homines

208 2858 268 2898 non
284 2839 391 2909 colant,
406 2838 456 2896 sed
470 2838 590 2896 omnino
603 2837 677 2895 nihil
693 2849 805 2909 curent,
819 2838 891 2896 nihil
908 2841 1014 2915 agant?

211 2937 251 2995 At
266 2946 310 2994 est
323 2954 423 2993 eorum
434 2935 542 2993 eximia
552 2935 683 3010 quasdam
693 2945 889 3011 praestansque
902 2946 1014 3008 natura,
1027 2952 1058 3002 25
1086 2908 1105 2975 ll

210 3045 242 3092 ut
256 3052 292 3091 ea
306 3033 409 3091 debeat
422 3033 485 3109 ipsa
505 3052 556 3110 per
576 3051 608 3090 se
629 3033 664 3090 ad
686 3050 717 3090 se
737 3031 891 3090 colendam
909 3032 1019 3091 elicere

203 3131 372 3204 sapientem.
414 3130 466 3190 An
493 3131 659 3214 quidquam
687 3131 836 3194 eximium
853 3139 1046 3211 potestesse
