2409 3859
479 474 575 521 Ltaan
594 475 626 520 11.
647 474 681 520 12

182 643 212 683 ao
224 626 362 696 sentiant,
374 625 514 682 mundum
524 643 586 683 esse
597 625 661 682 sine
671 643 756 682 sensu
768 644 774 695 ;
796 624 845 700 qui
856 623 979 698 integro,

180 734 207 781 et
219 723 321 795 libero,
336 733 367 780 et
380 742 462 798 puro,
478 723 636 798 eodemque
651 722 791 779 acerrimo
805 731 834 778 et
854 719 981 777 mobilis·

180 818 250 875 simo
271 818 375 875 ardore
395 827 541 875 teneatur:
569 817 726 893 praesertim
747 834 814 873 oum
834 815 859 873 is
886 814 979 883 ordor,

180 915 226 990 qui
240 927 284 973 est
298 915 410 986 mundi,
422 934 480 972 non
492 915 614 991 agitatus
629 915 665 971 ab
680 913 745 984 alio,
757 931 851 987 neque
862 922 980 969 externo

178 1013 271 1087 pulsu,
293 1012 345 1069 sed
365 1030 416 1087 per
443 1030 474 1068 se
494 1011 554 1087 ipse
576 1030 611 1068 ae
631 1030 682 1068 sua
703 1021 804 1086 sponte
824 1018 1009 1066 moveatur.5

179 1107 255 1165 Nam
282 1107 354 1183 quid
380 1117 475 1182 potest
501 1126 563 1166 esse
590 1107 699 1164 mundo
726 1105 875 1177 valentius,
903 1104 979 1179 quod

179 1204 264 1280 pellat
298 1215 387 1280 atque
418 1216 531 1263 moveat
572 1205 698 1263 calorem
731 1224 807 1276 eum,
842 1221 899 1278 quo
933 1202 981 1260 ille

179 1303 334 1360 teneatur?

217 1496 287 1554 XII.
317 1496 482 1553 Audiamus
509 1497 586 1554 enim
608 1495 769 1567 Platonem,
790 1494 872 1570 quasi
893 1506 981 1569 queu-

181 1592 245 1651 dam
271 1593 369 1650 Deum
390 1593 636 1669 philosophorum,
658 1593 707 1650 cui
727 1593 786 1650 duo
804 1592 899 1668 plaeet
919 1609 982 1648 esse
996 1603 1026 1653 10

181 1701 283 1762 motus,
313 1710 404 1747 unum
438 1709 531 1762 suum,
567 1691 687 1747 alterum
721 1700 885 1747 externum:
920 1705 982 1745 esse

182 1798 274 1846 autem
304 1787 441 1859 divinius,
463 1789 539 1864 quod
560 1788 659 1863 ipsum¹
683 1805 718 1844 ex
745 1805 776 1844 se
802 1804 855 1842 sua
881 1795 982 1861 sponte

182 1896 338 1955 moveatur,
374 1904 458 1959 quam
493 1886 569 1960 quod
602 1884 686 1959 pulsu
722 1884 844 1960 agitetur
878 1881 980 1939 alieno.

182 1980 269 2041 Hune
285 1992 381 2041 nutem
396 1994 504 2039 motum
519 1983 548 2039 in
563 1981 634 2039 solis
648 1981 750 2038 animis
764 1999 827 2038 esse
839 1979 930 2057 ponit,
947 1981 982 2038 ab

182 2079 281 2155 hisque
316 2079 490 2155 principium
520 2091 616 2137 motus
643 2097 706 2136 esse
739 2079 858 2135 ductum
891 2089 981 2154 putat.
996 2089 1027 2138 15

182 2177 378 2253 Quapropter,
407 2179 543 2251 quoniam
570 2195 606 2233 ex
633 2177 732 2233 mundi
761 2177 861 2233 ardore
888 2188 983 2234 motus

182 2276 273 2332 omnis
288 2273 390 2343 oritur,
406 2272 430 2329 is
445 2285 539 2331 autem
555 2272 639 2329 ardoi
653 2292 712 2330 non
733 2273 828 2330 alieno
848 2273 982 2348 impulsu,

182 2372 230 2429 sed
251 2390 305 2428 sua
325 2380 427 2444 sponte
447 2381 586 2437 movetur,
603 2369 715 2426 animus
735 2370 770 2426 sit
793 2389 910 2427 neeesse
930 2380 982 2426 est.

183 2467 226 2526 Ex
239 2486 298 2544 quo
313 2467 446 2537 efficitur,
464 2467 638 2523 animantem
659 2484 722 2524 esse
742 2467 889 2523 mundum.
932 2466 984 2522 At-

183 2584 236 2640 que
249 2584 288 2624 ex
309 2564 365 2620 hoe
386 2583 498 2638 quoque
520 2562 645 2638 intelligi
659 2563 773 2638 poterit,
789 2563 869 2620 ineo
889 2562 983 2618 inesse
996 2568 1027 2618 20

183 2660 413 2738 intelligentiam,
441 2661 517 2735 quod
545 2669 623 2716 certe
650 2669 693 2717 est
727 2660 850 2716 mundus
883 2656 984 2713 melior

183 2778 267 2834 quam
281 2758 342 2815 ulla
355 2769 465 2814 natura.
506 2757 544 2814 Ut
559 2756 637 2813 enim
650 2757 729 2814 nulla
742 2776 807 2832 pars
821 2764 864 2813 est
885 2771 984 2830 eorpo-

182 2856 220 2914 ris
236 2855 338 2921 nostri,
354 2873 417 2928 quae
431 2874 490 2911 non
512 2853 631 2911 minoris
651 2854 697 2926 sit,
712 2872 797 2928 quam
817 2851 984 2928 nosmetipsi

183 2972 299 3011 sumus:
321 2951 514 3008 siemundum
529 2949 693 3006 universum
706 2950 797 3025 pluris
811 2966 873 3006 esse
887 2966 986 3007 neees-

182 3062 213 3110 'se
227 3061 272 3109 est
293 3068 378 3124 quam
398 3059 508 3124 partem
531 3047 653 3121 aliquam
675 3046 809 3104 universi.
849 3045 941 3106 Quod
961 3047 985 3106 si
998 3058 1031 3108 25

183 3149 223 3206 ita
244 3158 298 3218 est,
313 3147 426 3221 sapiens
447 3147 483 3204 sit
504 3144 629 3201 mundus
649 3162 768 3201 neeesse
787 3151 846 3201 est:
868 3161 935 3202 nam
956 3147 986 3204 ni

182 3245 223 3302 ita
233 3254 318 3314 esset,
333 3243 493 3318 hominem,
508 3243 561 3322 qui
574 3253 619 3304 est
640 3240 750 3304 munli
766 3259 852 3320 puis,
861 3241 1010 3316 quoniam

372 3341 395 3401 8
