2409 3859
483 436 590 552 'muna
609 470 628 517 1.
649 471 682 516 ra
993 462 1034 522 πᾳ

179 630 269 697 patus:
291 630 326 678 nt
339 637 379 678 ne
393 619 451 677 hoc
465 619 586 694 quidem
599 619 718 692 diceret,
733 621 783 678 iila
796 621 912 679 inventa
925 639 989 679 esse

180 715 318 789 Deorum,
333 717 386 775 sed
409 717 473 793 ipsa
495 716 602 774 divina.
643 717 715 778 Quo
736 718 805 793 quid
828 719 987 789 absurdius,

182 832 262 888 quam
291 823 341 871 aut
367 833 416 872 res
436 800 572 871 sordidas
592 824 676 888 atque
696 815 839 872 deformes
859 815 987 873 Deorum

182 909 287 969 honore
307 912 434 982 afficere,
458 918 510 966 aut
531 908 661 967 homines
680 911 745 987 -jam
767 922 858 969 morte
879 911 988 968 deletos

182 1025 317 1082 reponere
344 1009 374 1065 in
402 1007 498 1078 Deos,
523 1024 645 1080 quorum
672 1008 766 1065 omnis
794 1009 889 1065 cultus
914 1017 1017 1066 esset5

183 1102 291 1161 futurus
304 1104 335 1163 in
347 1103 453 1161 luotut
497 1101 516 1158 J
519 1120 563 1158 am
574 1122 641 1160 vero
653 1103 840 1186 Chrysippus,
854 1105 901 1180 qui
914 1105 989 1162 Stoi-

183 1220 277 1262 corum
303 1205 488 1261 somniorum
509 1202 676 1260 vaferrimus
697 1204 816 1261 habetur
837 1205 986 1282 interpres,

183 1317 311 1377 magnam
325 1303 441 1359 turbam
454 1310 614 1376 congregat
625 1301 788 1377 ignotorum
799 1302 938 1374 Deorum,
950 1312 989 1359 at·

183 1414 234 1470 qne
245 1396 284 1454 ite
293 1397 476 1473 ignotorum,
488 1404 520 1450 ut
530 1412 578 1452 eos
592 1414 629 1452 ue
643 1383 809 1472 conjecturd
822 1398 938 1472 quidem
949 1398 989 1454 in·

183 1493 300 1552 formare
313 1494 475 1570 possimus,
491 1507 558 1548 oum
575 1511 656 1550 mens
665 1504 764 1550 nostra
774 1494 885 1569 quidvis
896 1495 989 1553 videa·
1002 1499 1031 1547 1⁰

182 1599 224 1647 tur
244 1590 424 1667 cogitatione
445 1606 532 1664 posse
551 1589 714 1666 depingere.
756 1591 808 1647 Ait
829 1592 917 1662 enim,
931 1591 989 1647 vim

183 1687 302 1745 divinam
323 1688 353 1745 in
368 1686 486 1744 ratione
500 1704 562 1743 esse
576 1686 696 1762 positam
711 1697 741 1744 et
754 1686 894 1744 universae
908 1698 989 1743 natu·
1058 1690 1061 1696 ’

183 1802 218 1841 rc
249 1785 346 1842 animo
383 1794 473 1857 atque
506 1797 620 1840 mente:
656 1783 806 1858 ipsumque
848 1781 989 1839 muudum

182 1879 273 1939 Deum
288 1882 363 1940 dicit
376 1897 454 1948 esse,
470 1887 499 1948 et
519 1879 580 1957 ejus
593 1879 853 1947 „animitusionem
875 1879 988 1953 univer·
1015 1952 1018 1957 Ι

182 1997 254 2035 satu:
275 1991 338 2038 tum
354 1977 420 2054 ejus
442 1975 532 2053 ipsius
551 1977 755 2052 principatum,
771 1977 820 2052 qui
842 1977 871 2034 in
892 1991 988 2037 mente
1002 1989 1032 2036 15

182 2086 209 2132 et
227 2078 338 2134 ratione
360 2083 502 2144 versetur,
524 2092 765 2149 communemque
785 2094 879 2132 rerum
907 2088 988 2134 natu·

181 2173 530 2328 rrffizuniversauatque
556 2169 655 2227 omnia
682 2171 895 2230 continentem:
927 2184 988 2230 tum

166 2267 208 2331 ‚sa
262 2289 292 2327 m
319 2269 382 2325 vim
409 2276 440 2324 et
465 2266 667 2324 necessitatem
694 2286 788 2325 rerum
810 2269 987 2328 futurarum:

184 2364 273 2442 ignem
294 2375 441 2442 praeterea
459 2373 488 2420 et
508 2381 574 2420 eum
596 2382 681 2438 quem
703 2375 768 2422 ante
789 2364 849 2422 dixi
863 2367 987 2424 ethere:

183 2471 286 2522 tumea
300 2482 368 2539 qnae
382 2469 488 2518 natura
501 2458 623 2517 fluerent
637 2471 721 2535 atque
742 2471 900 2534 manarent,
915 2471 947 2518 ut
960 2472 988 2518 et
1001 2469 1032 2518 20

184 2577 292 2635 aquam,
308 2570 339 2618 et
359 2568 478 2624 terram,
494 2564 532 2613 et
544 2575 625 2627 aera;
646 2558 735 2615 solem
739 2558 868 2655 ,lunairq
884 2558 987 2630 sidera,

183 2657 457 2728 universitatemque
478 2671 583 2725 rerum,
604 2673 662 2730 qua
684 2656 782 2713 omnia
809 2641 990 2714 coutineren-

184 2762 240 2823 tur3
258 2764 347 2827 atque
359 2750 491 2807 homines
505 2750 591 2808 etiam
606 2770 730 2827 eos,an
723 2751 989 2811 immortalitatem

185 2862 277 2907 essent
299 2847 460 2905 consecuti.
501 2846 640 2922 idemque
654 2849 790 2925 disputat,
805 2849 912 2905 aethera
925 2867 989 2908 esse
1064 2869 1065 2872 ¹

185 2963 260 3016 eum,
281 2963 369 3019 quem
391 2942 521 3000 homiues
541 2944 642 3003 Jovem
664 2946 854 3022 appellarent:
882 2947 988 3021 quique
1001 2956 1029 3005 ΞΕ

187 3059 234 3098 aer
260 3059 311 3117 per
340 3039 430 3097 maria
458 3051 595 3114 manaret,
617 3061 684 3099 eum
711 3061 774 3100 esse
800 3041 987 3118 Neptunum:

187 3149 348 3214 terramque
362 3158 425 3197 eam
440 3156 513 3210 esse,
523 3159 587 3215 quae
602 3140 692 3198 Ceres
706 3141 869 3198 diceretur:
891 3140 990 3198 simili-

187 3253 244 3309 que
254 3236 365 3297 tatione
377 3238 563 3320 persequitur
577 3239 726 3314 amonuit
734 3236 1002 3318 retiquorummec
