2409 3859
184 449 224 511 38
448 464 492 513 us
510 465 644 513 aarum
663 465 808 513 osorum.

228 614 344 691 quidem
357 615 538 693 Protagoras,
553 616 636 692 cujus
651 635 667 673 a
680 629 709 674 te
722 617 809 674 modo
829 615 938 674 mentio
952 615 1029 674 sacta

227 722 280 785 est,
295 713 437 795 sophistes
456 713 710 789 temporibus'illis
730 714 773 771 rel
795 714 946 784 maximus,
961 730 1028 770 cum

227 810 257 868 in
270 810 413 887 principio
426 810 492 869 rtur
506 791 551 869 sii
562 811 605 868 sto
617 811 768 888 posuisset,
780 811 828 869 ue
839 810 928 868 urvis
942 828 1029 887 mque

227 914 260 963 ut
279 906 349 979 siat,
370 926 456 984 raeque
475 915 509 964 ut
529 926 584 964 non
604 908 673 980 sint,
687 907 773 964 babeo
792 907 894 978 dicere,
909 905 1030 964 Atheni-

198 1003 339 1062 5eusium
357 1004 449 1080 jussu,
464 1005 535 1062 urbe
556 1015 641 1080 atque
662 1023 731 1081 agro
751 1014 794 1062 est
813 1003 1029 1075 exterminatus,

227 1100 350 1176 librique
375 1101 451 1177 ejus·
465 1101 494 1158 iu
521 1101 664 1159 concione
691 1101 843 1159 combusti.
899 1100 945 1159 Ex
971 1118 1029 1177 quo

227 1197 361 1272 equidem
381 1197 522 1270 existimo,
544 1199 684 1256 tardiores
705 1199 740 1256 ad
761 1198 838 1255 hanc
856 1196 1027 1254 sententiam

227 1294 415 1370 profitendam
435 1296 541 1352 multos
560 1313 624 1354 esse
644 1294 745 1367 factos,
760 1295 865 1370 quippe
885 1312 951 1351 cum
971 1312 1030 1371 pce·

227 1409 294 1448 nam
328 1408 365 1448 ne
397 1391 540 1466 dubitatio
571 1391 687 1467 quidem
721 1391 847 1467 effugere
879 1390 1028 1466 potuisset.

185 1492 215 1542 10
227 1490 309 1551 Quid
337 1491 374 1548 de
400 1491 558 1569 sacrilegis,
580 1491 650 1566 quid
677 1492 713 1548 de
735 1490 830 1566 impiis
849 1490 1030 1566 periurisque

228 1588 381 1646 dicemus?

291 1744 530 1795 ‹c—‘rubulus
539 1747 559 1795 si
571 1745 667 1794 Lucius
679 1759 798 1808 unquam,

233 1806 248 1851 9
312 1824 340 1874 si
352 1824 448 1890 Lupus,
459 1819 503 1874 aut
514 1825 604 1886 Carbo,
615 1831 659 1873 aut
670 1824 781 1888 Neptuni
792 1822 992 1886 filma-'⁹

228 1994 260 2042 ut
274 1985 314 2042 ait
327 1985 468 2062 Lucilius,
482 1996 610 2061 putasset
623 2003 687 2043 esse
700 1985 788 2058 Deos,
809 1996 869 2044 tarn
888 1985 1030 2062 perjurus,

110 2079 152 2164 βψ
183 2086 216 2137 15
229 2093 278 2138 aut
297 2091 355 2138 tam
376 2082 504 2158 impurus
526 2082 648 2140 fuisset?
690 2081 759 2140 Non
786 2091 830 2140 est
857 2081 943 2159 igitur
970 2091 1029 2138 tam

228 2179 374 2255 explorata
387 2179 441 2237 ista
454 2177 577 2237 ratio'ad
599 2179 638 2250 id,
651 2179 730 2254 quod
750 2178 845 2249 vultis,
860 2178 1023 2236 coufirmau·

229 2277 308 2348 dum,
322 2296 409 2352 quam
423 2276 543 2334 videtur.
586 2277 644 2334 Sed
660 2276 728 2351 quia
742 2293 896 2334 commuue
911 2275 966 2332 hoc
986 2289 1030 2334 est

230 2384 429 2451 argumentum
444 2374 564 2431 aliorum
578 2374 666 2430 etiam
686 2371 932 2449 pbilosophorum,
948 2373 1024 2430 omit

228 2482 287 2529 tam
302 2472 358 2530 hoc
371 2483 515 2548 tempore:
537 2471 573 2530 ad
587 2482 680 2529 vestra
692 2470 807 2548 propria
826 2470 923 2527 venire
943 2469 1030 2530 malo.

110 2560 159 2625 ⁹5
185 2569 369 2628 &Concedo
389 2587 453 2627 esse
472 2568 568 2639 Deos;
598 2570 671 2626 doce
691 2586 738 2626 me
757 2567 854 2644 igitur,
870 2567 945 2624 unde
960 2567 1026 2639 siut,

229 2667 366 2738 ubi-sint,
387 2666 485 2742 quales
505 2668 562 2726 siut
582 2684 712 2742 corpore,
734 2664 840 2737 animo,
861 2663 936 2721 vita:
965 2664 1029 2723 haec

228 2766 305 2823 enim
319 2767 394 2824 scire
408 2765 548 2823 desidero.
590 2742 728 2823 Abirteris
749 2763 784 2820 ad
805 2761 903 2819 omniu
924 2776 1026 2819 atomo

228 2878 291 2917 rum
306 2879 396 2938 regno
409 2871 438 2918 et
450 2859 584 2918 licentia:
599 2842 678 2930 binc,
689 2857 881 2933 quodcunque
892 2857 922 2913 iu
935 2850 1028 2921 solum

229 2958 315 3028 venit,
343 2968 375 3014 ut
402 2958 518 3028 dicitur,
545 2957 659 3033 effingis
686 2965 770 3029 atque
797 2953 896 3011 efficis.
949 2934 1026 3013 Qum

183 3051 456 3125 &primumnullae
476 3064 561 3111 sunt:
583 3053 654 3110 nihii
677 3062 720 3109 est
739 3027 924 3123 enimff'quod
945 3058 1028 3106 vacet

227 3165 363 3223 corpore:
385 3151 553 3226 corporibus
567 3160 661 3207 autem
673 3147 766 3206 omnis
775 3126 921 3204 obsidetur
931 3145 1027 3215 locus;

208 3241 253 3300 r'ta
273 3246 389 3306 uuiium
407 3249 508 3322 inane,
522 3247 596 3308 uibii
611 3264 676 3306 esse
685 3244 869 3303 iubiaibuuru
876 3254 981 3325 potest.
