2409 3859
485 460 583 509 mann
601 461 634 508 11.
652 462 689 508 n
967 448 1021 508 101

183 613 209 672 in
224 614 328 672 eaelum
344 613 420 672 fama
434 632 468 671 ao
481 612 626 670 voluntate
634 611 775 669 tollerent.
817 609 897 668 Hine
908 609 982 668 Her·

182 712 269 783 eules,
292 711 363 768 hino
390 711 494 768 Castor
513 721 542 767 et
562 708 675 779 Pollux,
696 709 765 765 hino
785 706 980 782 AEsoulapius,

183 807 248 864 hino
269 808 359 865 Liber
380 807 484 863 etiarn:
508 806 600 882 (huno
621 805 689 862 dieo
707 804 844 862 Liberum
863 802 980 878 Semele

180 915 288 976 natum,
310 922 370 961 non
397 922 473 974 eurn,
495 921 580 979 quem
607 901 697 959 nostri
717 901 839 977 majores
860 910 980 976 auguste

180 1012 347 1075 sancteque,
363 999 500 1057 Liberum
515 1018 582 1056 curn
596 999 704 1055 Cerere
718 1008 747 1055 et
761 998 867 1055 Libera
881 1011 1009 1060 conse-5

181 1107 348 1154 eraverunt:
371 1097 446 1172 quod
468 1096 552 1171 quale
572 1095 619 1167 sit,
640 1114 676 1152 ex
695 1094 837 1170 mysteriis
858 1092 979 1169 intelligi

178 1204 279 1271 potest.
325 1195 383 1251 Sed
398 1194 474 1268 quod
488 1212 523 1250 ex
536 1194 621 1250 nohis
634 1203 716 1250 natos
737 1192 843 1249 liberos
859 1191 980 1266 appella·

180 1313 251 1364 mus,
268 1293 381 1350 ideireo
394 1293 502 1350 Cerere
515 1293 574 1350 nati
596 1292 737 1349 nominati
757 1301 824 1348 sunt
844 1291 930 1348 Liber
951 1301 980 1365 et

179 1388 303 1449 Libera:
326 1390 403 1464 quod
425 1390 455 1446 in
475 1389 581 1447 Libera
601 1399 723 1460 servant,
745 1389 774 1445 in
795 1388 902 1444 Libero
921 1406 980 1444 non

180 1486 245 1545 item
255 1489 277 1567 t)
288 1487 358 1544 hino
367 1487 453 1544 etiam
466 1486 622 1558 Romulus,
633 1504 717 1560 quern
732 1486 847 1560 quidem
856 1485 980 1541 eundem
993 1493 1024 1544 10

179 1601 241 1642 esse
254 1582 415 1644 Quirinum
430 1593 548 1658 putant:
570 1601 692 1657 quorum
713 1601 778 1638 oum
799 1589 980 1648 remanerent
1070 1596 1074 1603 ’

180 1680 266 1738 animi
297 1689 383 1755 atque
404 1681 560 1738 eternitate
581 1680 752 1748 fruerentur,
773 1678 827 1734 rite
853 1675 893 1734 Di
914 1686 980 1733 sunt

179 1767 286 1848 habiti3
316 1795 383 1833 ourn
410 1787 440 1834 et
466 1777 566 1854 optimi
588 1787 693 1847 essent,
715 1786 744 1832 et
763 1775 871 1832 aeterni.
912 1774 981 1831 Alia

179 1894 293 1952 qnoque
321 1894 357 1934 ex
384 1877 502 1958 ratione,
530 1886 559 1934 et
586 1875 700 1950 quidem
728 1874 855 1950 physica,
877 1891 981 1950 magna

178 1970 261 2030 fluxit
281 1973 436 2030 multitudo
456 1973 602 2031 Deorum:
626 1973 672 2047 qui
695 1971 787 2028 induti
809 1971 906 2046 speeie
927 1971 979 2028 hu·
993 1983 1024 2031 15

178 2086 264 2127 mana
290 2068 402 2126 fabulas
427 2069 521 2145 poetis
547 2069 809 2144 suppeditaverunt,
831 2069 979 2125 hominurn

181 2176 274 2224 autem
289 2165 377 2222 vitam
391 2167 592 2241 superstitione
607 2166 684 2223 omni
705 2165 886 2224 referserunt.
928 2166 980 2223 At-

180 2282 235 2338 que
250 2263 298 2320 hio
311 2263 395 2320 loeus
407 2282 423 2319 a
433 2263 555 2321 Zenone
570 2260 791 2337 tractatus'post
805 2281 821 2320 a
834 2263 976 2320 Cleanthe

180 2369 208 2417 et
221 2360 383 2435 Chrysippo
398 2359 526 2434 pluribus
536 2359 631 2416 verbis
641 2358 799 2434 explicatus
809 2368 859 2416 est.
901 2358 979 2415 Nam

180 2468 261 2515 vetus
275 2457 338 2513 haee
352 2455 450 2531 opinio
463 2455 606 2513 Graeoiam
621 2455 754 2531 opplevit,
764 2456 980 2513 scilieetexseo·
991 2463 1023 2513 2⁰

179 2563 240 2610 tum
255 2552 367 2610 Caelum
384 2571 399 2608 a
413 2551 471 2609 filio
483 2553 618 2624 Saturno,
629 2552 757 2608 vinetum
773 2563 866 2610 autern
882 2551 980 2607 Satur-

180 2669 249 2707 num
284 2649 377 2725 ipsum
406 2667 422 2706 a
448 2649 517 2706 lilio.
535 2648 616 2706 Jove.
670 2647 794 2724 Physica
820 2649 893 2705 ratio
920 2665 979 2704 non

181 2746 328 2823 inelegans
343 2745 454 2802 inclusa
467 2755 509 2803 est
524 2745 552 2803 in
569 2744 671 2820 impias
691 2745 814 2802 fabulas:
837 2744 979 2801 caelestem

179 2842 268 2914 enirn,
291 2841 456 2899 altissimam
484 2841 687 2917 aetheriamque
713 2851 855 2911 naturam,
876 2840 905 2896 id
926 2851 978 2912 est,

179 2957 306 3017 igneam,
335 2957 398 3013 quae
426 2957 475 3013 per
503 2956 566 2996 sese
593 2939 690 2996 omnia
716 2938 856 3014 gigneret,
877 2946 1023 2995 vaoare25

180 3037 333 3094 voluerunt
359 3053 393 3092 ea
420 3045 499 3110 parte
527 3035 749 3111 corporisque
777 3033 980 3110 conjunctione

179 3131 298 3192 alterius
312 3141 409 3209 egeret
423 3131 456 3188 ad
471 3132 690 3209 procreandum.

417 3227 466 3288 9*
