2409 3859
496 472 596 520 maen
615 473 635 520 ι.
653 474 676 521 ι.
814 452 816 456 ’
996 463 1033 527 tt

178 625 222 684 sit.
266 624 359 696 Nam,
386 641 453 682 cum
482 623 563 682 seriis
589 623 701 682 Latinis
728 623 764 682 ad
795 641 861 683 eum
897 622 988 700 ipsius

179 708 284 800 rogatu
312 710 512 796 arcessituque
542 721 693 790 venissem,
728 720 836 797 (Q
856 739 922 778 eum
942 738 986 778 se·

180 818 298 876 dentem
319 819 350 876 iu
370 802 508 899 cristina,
530 804 646 875 etcum
666 818 700 876 O.
722 817 836 876 Velleio
856 828 987 878 senatore

180 915 386 991 disputantem,
408 914 445 973 ad
472 932 559 990 quem
584 924 646 972 tum
666 914 803 991 Epicurei
826 915 932 992 primas
951 933 987 974 ex

181 1014 287 1071 nostris
307 1012 476 1071 homiuibus
494 1013 668 1093 desmepffit.
710 1013 820 1071 Aderat
839 1012 926 1070 etiam
944 1013 1016 1075 (M

182 1110 315 1168 Lucilius
336 1109 458 1181 Balbus,
482 1108 532 1184 qui
565 1119 659 1166 tantos
678 1128 845 1187 progressus
864 1108 988 1168 habebat

182 1206 211 1263 in
238 1207 358 1279 Stoicis,
379 1217 413 1265 ut
441 1222 511 1263 cum
531 1206 737 1264 excellentibus
763 1207 793 1264 in
819 1226 855 1265 eo
881 1225 987 1285 genere

180 1303 291 1361 Grrecis
312 1312 537 1380 compararetur.
577 1302 658 1360 Tum
678 1315 711 1360 ut
729 1322 777 1362 me
797 1304 884 1363 Cotta
904 1304 986 1376 vidit,

182 1399 408 1478 Peropportune,
438 1399 541 1474 inquit,
569 1401 667 1458 venis:
695 1400 786 1458 oritnr
812 1401 889 1459 enim
916 1402 986 1460 mihi

181 1514 284 1575 magite
297 1498 334 1556 de
348 1514 382 1555 re
396 1496 548 1554 altercatio
561 1514 628 1554 cnm
652 1496 775 1568 Velleio,
797 1498 856 1571 cui,
869 1518 922 1576 pro
936 1511 987 1556 tuo
1000 1509 1031 1559 10

182 1596 284 1667 studio,
299 1612 360 1653 nou
374 1604 420 1653 est
434 1593 559 1651 alienum
572 1604 602 1652 te
615 1594 761 1654 interesse.

219 1787 288 1847 vn.
330 1787 426 1863 Atqui
459 1786 532 1844 mihi
564 1806 680 1863 quoque
713 1786 821 1858 videor,
857 1786 983 1862 inquam,
1038 1806 1064 1871 lt

182 1886 301 1958 venisse,
330 1895 364 1943 ut
392 1883 477 1955 dicis,
504 1897 683 1961 opportune:
711 1896 769 1942 tres
795 1883 872 1943 enim
899 1885 986 1944 trium

182 1980 400 2057 disciplinarum
421 1980 566 2056 principes
586 1981 768 2040 convenistis.
810 1981 852 2040 M.
873 1982 941 2040 Piso
961 1983 986 2041 si

183 2077 303 2150 adesset,
317 2077 430 2136 nullius
449 2077 636 2154 philosophiae
657 2097 755 2136 earum
775 2079 901 2154 quidem,
922 2095 1030 2155 qure15

183 2172 212 2231 in
231 2175 343 2232 honore
363 2183 442 2245 sunt,
463 2185 578 2232 vacaret
598 2175 688 2232 locus.
729 2175 808 2232 Tum
830 2176 926 2247 Cotta,
942 2176 985 2247 Si,

184 2272 373 2350 inquit,'liber
388 2271 528 2330 Antiochi
542 2272 644 2344 nostri,
658 2274 707 2348 qui
728 2275 764 2332 ab
783 2293 818 2333 eo
838 2293 929 2351 nuper
950 2275 986 2333 ad

183 2369 259 2428 lrunc
273 2371 400 2428 Balbum
415 2368 519 2426 missus
532 2381 585 2442 est,
599 2389 667 2428 vera
680 2370 814 2447 loquitur,
835 2372 908 2431 nihil
932 2381 984 2444 est,

182 2468 258 2542 quod
279 2467 429 2537 Pisonem,
443 2466 613 2525 familiarem
633 2478 725 2540 tuum,
739 2468 903 2528 desideres:
924 2468 986 2526 An·

182 2564 279 2622 tiocho
293 2564 374 2623 enim
388 2562 482 2619 Stoici
496 2582 561 2620 cum
576 2564 775 2640 Peripateticis
784 2585 816 2624 re
830 2565 985 2625 concinere
997 2577 1029 2627 m

182 2661 325 2731 ridentur,
341 2659 444 2741 teritis
457 2659 639 2736 discrepare:
660 2681 718 2737 quo
737 2663 773 2720 de
786 2663 869 2734 libro,
884 2659 984 2734 Balbe,

184 2758 267 2815 velim
294 2756 373 2814 scire
399 2755 469 2830 quid
495 2757 610 2814 sentias.
651 2757 775 2835 Egouel
801 2758 894 2834 inquit
916 2759 984 2818 iller

182 2854 280 2922 miror,
303 2852 494 2923 Antiochum,
515 2853 661 2911 hominem
687 2855 837 2932 inprimis
858 2867 984 2929 acutum,

183 2968 240 3008 uon
254 2950 373 3020 vidisse,
388 2949 526 3007 interesse
539 2951 695 3026 plurimum
709 2953 783 3009 inter
797 2952 921 3025 Stoicos,
935 2953 985 3028 qui

184 3045 305 3104 honesta
320 3064 338 3103 a
351 3045 509 3103 commodis
523 3066 580 3104 non
593 3048 710 3106 nomine
731 3048 781 3106 sed
801 3067 906 3125 genere
925 3060 986 3109 toto
997 3052 1029 3103 2⁵

183 3142 393 3219 disjungerent,
407 3152 436 3200 et
460 3140 676 3219 Peripateticos,
698 3145 747 3220 qui
768 3145 888 3203 honesta
909 3164 986 3204 com·

183 3239 337 3299 miscerent
350 3256 419 3301 cnm
433 3243 613 3324 commodis,
625 3255 662 3307 ut
674 3264 712 3306 ea
721 3244 801 3305 inter
814 3262 850 3304 se
859 3241 1005 3321 rennuun-
