2409 3859
473 454 661 504 uernum
970 442 1012 505 te

162 606 267 686 tentio)
280 605 415 682 quumvis
437 624 529 664 amem
549 605 610 682 ipse
624 625 680 680 me,
694 618 789 665 tumen
802 623 861 664 nou
875 605 968 663 audeo

163 703 260 763 dicere
298 704 495 781 pulchriorem
522 723 584 763 esse
611 723 667 777 me,
694 722 779 780 quarn
807 703 855 762 ille
882 703 967 762 fuerit

165 811 271 872 taurus,
287 801 338 877 qui
351 801 430 859 vexit
443 800 597 878 Europam.
638 801 707 860 Non
728 801 804 859 enim
825 801 881 858 hoc
900 801 967 858 loco

165 897 200 956 de
219 897 358 975 ingeniis,
380 908 431 955 uut
457 897 494 955 de
507 866 833 980 (orationibus)nosnis‚
854 899 903 955 sed
931 899 966 957 de

166 994 261 1070 specie
275 993 427 1072 figuraque
440 995 584 1070 queritur.
624 995 714 1058 Quod
728 996 752 1053 si
767 996 874 1073 fingere
884 996 995 1052 nobis5

166 1101 194 1148 et
210 1091 335 1169 jungere
349 1091 605 1164 formas.velimur;
626 1092 718 1167 qualis
739 1093 786 1151 ille
807 1093 968 1150 maritimus

167 1185 272 1245 Triton
286 1187 416 1265 pingitur
424 1188 589 1246 natantibus
600 1189 737 1247 invehens
748 1189 840 1247 beluis
851 1189 968 1266 adjuno

167 1283 203 1341 tis
215 1284 344 1343 humano
356 1282 483 1361 corpori,
498 1285 572 1342 nolis
585 1287 669 1344 esset
710 1285 830 1344 Difficili
850 1286 888 1344 iu·
901 1287 968 1344 loco

167 1399 270 1441 versor.
312 1381 366 1440 Est
379 1381 459 1441 enim
471 1382 517 1439 vis
529 1393 609 1440 tante
617 1392 736 1454 nature,
745 1393 776 1440 ut
787 1383 873 1441 homo
882 1402 968 1441 nemo

167 1478 232 1537 relit
245 1479 304 1537 nisi
318 1478 444 1536 bominis
457 1478 559 1537 similis
572 1497 643 1536 esse.
684 1479 726 1537 Et
736 1479 853 1555 quidem
873 1480 967 1538 sormi·
981 1486 1012 1535 1⁰

168 1592 202 1634 ce
214 1575 354 1635 formicas.
396 1575 457 1633 Sed
476 1586 572 1634 tumen
592 1575 676 1652 cujus
696 1575 843 1633 hominist
864 1585 967 1661 qur-‹rtns
1044 1567 1084 1635 7*

121 1701 125 1709 ·
165 1671 535 1749 grfflfflisqgreformosus
548 1674 613 1731 estl
654 1671 777 1729 Athenis
788 1690 853 1729 cum
864 1660 966 1744 esseni,

168 1769 335 1847 egregibus
354 1767 531 1844 epheborum
545 1769 592 1826 rix
612 1767 718 1844 singuli
744 1767 966 1842 reperiebantur.

168 1864 270 1937 Video,
284 1865 355 1942 quid
370 1864 514 1923 amiseris:
526 1866 586 1924 sed
607 1875 702 1922 tamen
716 1864 756 1921 ita
769 1881 800 1922 se
814 1882 859 1922 res
872 1863 966 1923 habet.

167 1960 281 2021 Deinde
294 1955 391 2034 nobis,
405 1962 465 2038 qui,
480 1961 705 2022 concedentibus
724 1961 900 2038 pbilosophis
921 1971 1012 2021 run-15

167 2058 264 2135 tiquis,
278 2059 503 2117 adolescentulis
515 2059 701 2129 delectamur,
712 2058 798 2116 etiam
811 2058 879 2117 vitia
892 2077 968 2136 sepe

172 2154 303 2232 jucunde
315 2165 391 2214 sunt
432 2154 540 2213 Naevus
554 2155 583 2212 in
603 2154 724 2212 articulo
743 2155 825 2232 pueri
844 2156 968 2214 delectat

169 2251 312 2310 Alcaeum.
354 2251 396 2309 At
422 2261 465 2310 est
491 2251 621 2327 corporis
645 2251 761 2310 macule
783 2271 897 2310 uaevus:
925 2252 967 2309 illi

168 2357 264 2407 temen
285 2349 343 2406 boc
363 2347 460 2406 lumen
480 2348 637 2406 videbatur.
677 2347 718 2410 Q.
739 2348 869 2420 Catulus,
883 2348 967 2423 hujus

168 2445 288 2523 college
302 2456 332 2503 et
346 2444 493 2503 familiaris
513 2444 603 2503 nostri
623 2454 713 2521 puter,
728 2444 827 2503 dilexit
847 2444 968 2511 munici·
980 2453 1012 2504 2⁰

168 2560 234 2619 pern
254 2553 338 2600 tuum
365 2541 523 2601 Roscium:
551 2542 581 2600 in
602 2561 687 2618 quem
713 2542 801 2601 etium
827 2541 897 2599 illud
924 2550 967 2599 est

169 2638 246 2716 ejus:

216 2799 234 2826 ‘⁴
244 2794 421 2856 constiteram,
432 2794 586 2843 exorientem
597 2811 711 2844 euroram
721 2797 784 2844 forte
794 2794 914 2855 columns,

264 2876 334 2924 Cum
344 2875 426 2923 subito
437 2875 526 2924 alere
537 2874 643 2924 Roscius
654 2877 772 2925 exoritur.

234 2957 299 3006 Pace
311 2957 373 3006 mihi
382 2957 464 3018 liceat,
475 2957 596 3017 celestes,
607 2958 689 3007 dicere
701 2964 791 3020 vestre,
884 2985 894 3002 ι
979 2947 1012 2997 25

265 3037 380 3086 Mortalis
390 3037 481 3086 visu’rt
490 3038 616 3101 pulchrior
626 3053 680 3086 esse
692 3038 774 3087 Deo‚”

177 3216 254 3279 Huic
265 3217 315 3276 ille
327 3216 394 3312 Deo
406 3217 578 3298 pulchrior:
601 3230 634 3282 et
647 3189 724 3295 erut,
734 3213 921 3280 richbodus
929 3223 993 3282 uxr
