<?xml version="1.0" encoding="UTF-8"?>
<!DOCTYPE html PUBLIC "-//W3C//DTD XHTML 1.0 Transitional//EN"
    "http://www.w3.org/TR/xhtml1/DTD/xhtml1-transitional.dtd">
<html xmlns="http://www.w3.org/1999/xhtml" xml:lang="en" lang="en">
 <head>
  <title>
</title>
<meta http-equiv="Content-Type" content="text/html;charset=utf-8" />
  <meta name='ocr-system' content='tesseract 3.04.00' />
  <meta name='ocr-capabilities' content='ocr_page ocr_carea ocr_par ocr_line ocrx_word'/>
</head>
<body>
  <div class='ocr_page' id='page_1' title='image "./mtciceronisdena00cicegoog_0072.png"; bbox 0 0 2409 3859; ppageno 0'>
   <div class='ocr_carea' id='block_1_1' title="bbox 124 431 838 531">
    <p class='ocr_par' dir='ltr' id='par_1_1' title="bbox 124 431 838 531">
     <span class='ocr_line' id='line_1_1' title="bbox 124 431 838 531; baseline -0.008 -25"><span class='ocrx_word' id='word_1_1' title='bbox 124 455 126 458; x_wconf 90' lang='grc'><strong><em>·</em></strong></span> <span class='ocrx_word' id='word_1_2' title='bbox 208 431 250 531; x_wconf 71' lang='lat' dir='ltr'>tlt</span> <span class='ocrx_word' id='word_1_3' title='bbox 477 457 520 504; x_wconf 85' lang='lat' dir='ltr'>na</span> <span class='ocrx_word' id='word_1_4' title='bbox 538 457 674 516; x_wconf 71' lang='lat' dir='ltr'>aarum</span> <span class='ocrx_word' id='word_1_5' title='bbox 692 454 838 509; x_wconf 77' lang='lat' dir='ltr'>ouoaun.</span> 
     </span>
    </p>
   </div>
   <div class='ocr_carea' id='block_1_2' title="bbox 131 601 1081 2544">
    <p class='ocr_par' dir='ltr' id='par_1_2' title="bbox 131 601 1081 2544">
     <span class='ocr_line' id='line_1_2' title="bbox 253 601 1059 683; baseline 0.001 -19"><span class='ocrx_word' id='word_1_6' title='bbox 253 601 317 673; x_wconf 71' lang='lat' dir='ltr'>esse</span> <span class='ocrx_word' id='word_1_7' title='bbox 333 606 432 666; x_wconf 84' lang='lat' dir='ltr'>dicit:</span> <span class='ocrx_word' id='word_1_8' title='bbox 467 619 529 667; x_wconf 86' lang='lat' dir='ltr'>tum</span> <span class='ocrx_word' id='word_1_9' title='bbox 555 609 716 667; x_wconf 77' lang='lat' dir='ltr'><strong>animantes</strong></span> <span class='ocrx_word' id='word_1_10' title='bbox 743 607 895 683; x_wconf 77' lang='lat' dir='ltr'>imagines,</span> <span class='ocrx_word' id='word_1_11' title='bbox 923 625 988 682; x_wconf 79' lang='lat' dir='ltr'>quae</span> <span class='ocrx_word' id='word_1_12' title='bbox 1016 604 1059 665; x_wconf 84' lang='lat' dir='ltr'>vel</span> 
     </span>
     <span class='ocr_line' id='line_1_3' title="bbox 251 704 1059 781; baseline 0.004 -21"><span class='ocrx_word' id='word_1_13' title='bbox 251 704 389 780; x_wconf 81' lang='lat' dir='ltr'>prodesse</span> <span class='ocrx_word' id='word_1_14' title='bbox 409 706 493 764; x_wconf 88' lang='lat' dir='ltr'>nobis</span> <span class='ocrx_word' id='word_1_15' title='bbox 513 706 618 778; x_wconf 87' lang='lat' dir='ltr'>solent,</span> <span class='ocrx_word' id='word_1_16' title='bbox 633 706 678 764; x_wconf 87' lang='lat' dir='ltr'>vel</span> <span class='ocrx_word' id='word_1_17' title='bbox 697 723 822 763; x_wconf 87' lang='lat' dir='ltr'>nocere:</span> <span class='ocrx_word' id='word_1_18' title='bbox 843 715 904 762; x_wconf 88' lang='lat' dir='ltr'>tum</span> <span class='ocrx_word' id='word_1_19' title='bbox 927 704 1059 781; x_wconf 79' lang='lat' dir='ltr'>ingentes</span> 
     </span>
     <span class='ocr_line' id='line_1_4' title="bbox 251 801 1070 882; baseline -0.001 -22"><span class='ocrx_word' id='word_1_20' title='bbox 251 801 390 878; x_wconf 85' lang='lat' dir='ltr'>quasdam</span> <span class='ocrx_word' id='word_1_21' title='bbox 404 803 557 882; x_wconf 79' lang='lat' dir='ltr'>imagines,</span> <span class='ocrx_word' id='word_1_22' title='bbox 572 814 734 878; x_wconf 83' lang='lat' dir='ltr'>tantasque,</span> <span class='ocrx_word' id='word_1_23' title='bbox 750 814 781 860; x_wconf 91' lang='lat' dir='ltr'>ut</span> <span class='ocrx_word' id='word_1_24' title='bbox 796 803 963 860; x_wconf 89' lang='lat' dir='ltr'>universum</span> <span class='ocrx_word' id='word_1_25' title='bbox 977 821 1070 860; x_wconf 90' lang='lat' dir='ltr'>mun·-</span> 
     </span>
     <span class='ocr_line' id='line_1_5' title="bbox 251 900 1057 979; baseline 0 -21"><span class='ocrx_word' id='word_1_26' title='bbox 251 900 320 958; x_wconf 90' lang='lat' dir='ltr'>dum</span> <span class='ocrx_word' id='word_1_27' title='bbox 348 902 577 979; x_wconf 87' lang='lat' dir='ltr'>complectantur</span> <span class='ocrx_word' id='word_1_28' title='bbox 604 901 791 963; x_wconf 84' lang='lat' dir='ltr'>extrinsecus.</span> <span class='ocrx_word' id='word_1_29' title='bbox 832 900 911 964; x_wconf 74' lang='lat' dir='ltr'>Quae</span> <span class='ocrx_word' id='word_1_30' title='bbox 940 901 1057 976; x_wconf 84' lang='lat' dir='ltr'>quidem</span> 
     </span>
     <span class='ocr_line' id='line_1_6' title="bbox 220 993 1060 1076; baseline 0 -20"><span class='ocrx_word' id='word_1_31' title='bbox 220 999 348 1057; x_wconf 70' lang='lat' dir='ltr'>oomnis</span> <span class='ocrx_word' id='word_1_32' title='bbox 374 1009 441 1056; x_wconf 92' lang='lat' dir='ltr'>sunt</span> <span class='ocrx_word' id='word_1_33' title='bbox 467 997 564 1076; x_wconf 65' lang='lat' dir='ltr'>patria*</span> <span class='ocrx_word' id='word_1_34' title='bbox 579 998 751 1070; x_wconf 82' lang='lat' dir='ltr'>Democriti,</span> <span class='ocrx_word' id='word_1_35' title='bbox 773 1017 859 1073; x_wconf 90' lang='lat' dir='ltr'>quam</span> <span class='ocrx_word' id='word_1_36' title='bbox 887 993 1060 1056; x_wconf 72' lang='lat' dir='ltr'>Democrito</span> 
     </span>
     <span class='ocr_line' id='line_1_7' title="bbox 131 1071 1081 1174; baseline 0.004 -20"><span class='ocrx_word' id='word_1_37' title='bbox 131 1071 190 1139; x_wconf 54' lang='grc' dir='ltr'>μ’</span> <span class='ocrx_word' id='word_1_38' title='bbox 249 1095 391 1174; x_wconf 76' lang='lat' dir='ltr'>digniore</span> <span class='ocrx_word' id='word_1_39' title='bbox 433 1096 512 1159; x_wconf 77' lang='lat' dir='ltr'>Quis</span> <span class='ocrx_word' id='word_1_40' title='bbox 525 1097 603 1155; x_wconf 89' lang='lat' dir='ltr'>enim</span> <span class='ocrx_word' id='word_1_41' title='bbox 615 1097 688 1154; x_wconf 84' lang='lat' dir='ltr'>istas</span> <span class='ocrx_word' id='word_1_42' title='bbox 709 1095 850 1173; x_wconf 80' lang='lat' dir='ltr'>imagines</span> <span class='ocrx_word' id='word_1_43' title='bbox 871 1095 1057 1172; x_wconf 87' lang='lat' dir='ltr'>compreheu-</span> <span class='ocrx_word' id='word_1_44' title='bbox 1078 1148 1081 1158; x_wconf 95' lang='lat'><em>.</em></span> 
     </span>
     <span class='ocr_line' id='line_1_8' title="bbox 249 1176 1055 1271; baseline 0.001 -20"><span class='ocrx_word' id='word_1_45' title='bbox 249 1193 318 1253; x_wconf 86' lang='lat' dir='ltr'>dere</span> <span class='ocrx_word' id='word_1_46' title='bbox 326 1191 429 1253; x_wconf 80' lang='lat' dir='ltr'>&#39;animo</span> <span class='ocrx_word' id='word_1_47' title='bbox 441 1196 554 1271; x_wconf 69' lang='lat' dir='ltr'>potest?</span> <span class='ocrx_word' id='word_1_48' title='bbox 577 1195 643 1270; x_wconf 87' lang='lat' dir='ltr'>quis</span> <span class='ocrx_word' id='word_1_49' title='bbox 657 1176 814 1252; x_wconf 85' lang='lat' dir='ltr'>admiraril</span> <span class='ocrx_word' id='word_1_50' title='bbox 835 1194 900 1270; x_wconf 92' lang='lat' dir='ltr'>quis</span> <span class='ocrx_word' id='word_1_51' title='bbox 915 1205 965 1252; x_wconf 88' lang='lat' dir='ltr'>aut</span> <span class='ocrx_word' id='word_1_52' title='bbox 976 1194 1055 1252; x_wconf 90' lang='lat' dir='ltr'>cultu</span> 
     </span>
     <span class='ocr_line' id='line_1_9' title="bbox 248 1291 1057 1370; baseline 0.002 -21"><span class='ocrx_word' id='word_1_53' title='bbox 248 1302 298 1349; x_wconf 90' lang='lat' dir='ltr'>aut</span> <span class='ocrx_word' id='word_1_54' title='bbox 312 1292 452 1370; x_wconf 86' lang='lat' dir='ltr'>religione</span> <span class='ocrx_word' id='word_1_55' title='bbox 466 1293 569 1370; x_wconf 83' lang='lat' dir='ltr'>dignes</span> <span class='ocrx_word' id='word_1_56' title='bbox 585 1292 717 1369; x_wconf 89' lang='lat' dir='ltr'>judicare</span> <span class='ocrx_word' id='word_1_57' title='bbox 729 1292 740 1348; x_wconf 77' lang='lat' dir='ltr'>l</span> <span class='ocrx_word' id='word_1_58' title='bbox 783 1291 930 1368; x_wconf 79' lang='lat' dir='ltr'>Epicurus</span> <span class='ocrx_word' id='word_1_59' title='bbox 940 1311 1009 1350; x_wconf 87' lang='lat' dir='ltr'>vero</span> <span class='ocrx_word' id='word_1_60' title='bbox 1021 1309 1057 1351; x_wconf 81' lang='lat' dir='ltr'>ex</span> 
     </span>
     <span class='ocr_line' id='line_1_10' title="bbox 248 1371 1054 1468; baseline 0.002 -22"><span class='ocrx_word' id='word_1_61' title='bbox 248 1389 509 1449; x_wconf 57' lang='lat' dir='ltr'>animis‘hominum</span> <span class='ocrx_word' id='word_1_62' title='bbox 519 1371 1054 1468; x_wconf 75' lang='lat' dir='ltr'>extraxitradicitusreligionem,cum</span> 
     </span>
     <span class='ocr_line' id='line_1_11' title="bbox 203 1486 1055 1573; baseline 0.002 -29"><span class='ocrx_word' id='word_1_63' title='bbox 203 1502 234 1551; x_wconf 83' lang='grc' dir='ltr'>ιο</span> <span class='ocrx_word' id='word_1_64' title='bbox 248 1486 302 1546; x_wconf 89' lang='lat' dir='ltr'>Dis</span> <span class='ocrx_word' id='word_1_65' title='bbox 313 1488 524 1546; x_wconf 82' lang='lat' dir='ltr'>immortalibus</span> <span class='ocrx_word' id='word_1_66' title='bbox 533 1499 563 1547; x_wconf 89' lang='lat' dir='ltr'>et</span> <span class='ocrx_word' id='word_1_67' title='bbox 573 1507 659 1573; x_wconf 76' lang='lat' dir='ltr'>opem</span> <span class='ocrx_word' id='word_1_68' title='bbox 674 1499 703 1547; x_wconf 90' lang='lat' dir='ltr'>et</span> <span class='ocrx_word' id='word_1_69' title='bbox 711 1488 834 1566; x_wconf 84' lang='lat' dir='ltr'>gratiam</span> <span class='ocrx_word' id='word_1_70' title='bbox 843 1489 972 1546; x_wconf 88' lang='lat' dir='ltr'>sustulit:</span> <span class='ocrx_word' id='word_1_71' title='bbox 988 1506 1055 1546; x_wconf 87' lang='lat' dir='ltr'>cum</span> 
     </span>
     <span class='ocr_line' id='line_1_12' title="bbox 246 1585 1054 1664; baseline 0.002 -20"><span class='ocrx_word' id='word_1_72' title='bbox 246 1585 324 1644; x_wconf 84' lang='lat' dir='ltr'>enim</span> <span class='ocrx_word' id='word_1_73' title='bbox 351 1587 489 1662; x_wconf 88' lang='lat' dir='ltr'>optimam</span> <span class='ocrx_word' id='word_1_74' title='bbox 509 1597 538 1646; x_wconf 88' lang='lat' dir='ltr'>et</span> <span class='ocrx_word' id='word_1_75' title='bbox 552 1586 826 1664; x_wconf 66' lang='lat' dir='ltr'>praesentissimam</span> <span class='ocrx_word' id='word_1_76' title='bbox 844 1597 977 1644; x_wconf 87' lang='lat' dir='ltr'>naturam</span> <span class='ocrx_word' id='word_1_77' title='bbox 998 1585 1054 1646; x_wconf 79' lang='lat' dir='ltr'>Dei</span> 
     </span>
     <span class='ocr_line' id='line_1_13' title="bbox 246 1684 1079 1764; baseline 0 -21"><span class='ocrx_word' id='word_1_78' title='bbox 246 1684 325 1743; x_wconf 85' lang='lat' dir='ltr'>dicat</span> <span class='ocrx_word' id='word_1_79' title='bbox 338 1703 412 1757; x_wconf 85' lang='lat' dir='ltr'>esse,</span> <span class='ocrx_word' id='word_1_80' title='bbox 426 1697 514 1764; x_wconf 88' lang='lat' dir='ltr'>negat</span> <span class='ocrx_word' id='word_1_81' title='bbox 528 1685 604 1744; x_wconf 88' lang='lat' dir='ltr'>idem</span> <span class='ocrx_word' id='word_1_82' title='bbox 619 1703 683 1743; x_wconf 83' lang='lat' dir='ltr'>esse</span> <span class='ocrx_word' id='word_1_83' title='bbox 697 1685 726 1744; x_wconf 89' lang='lat' dir='ltr'>in</span> <span class='ocrx_word' id='word_1_84' title='bbox 741 1685 807 1743; x_wconf 88' lang='lat' dir='ltr'>Deo</span> <span class='ocrx_word' id='word_1_85' title='bbox 820 1685 958 1761; x_wconf 87' lang='lat' dir='ltr'>gratiam;</span> <span class='ocrx_word' id='word_1_86' title='bbox 980 1685 1054 1743; x_wconf 86' lang='lat' dir='ltr'>tollit</span> <span class='ocrx_word' id='word_1_87' title='bbox 1077 1697 1079 1700; x_wconf 70' lang='lat'>‘</span> 
     </span>
     <span class='ocr_line' id='line_1_14' title="bbox 246 1782 1055 1860; baseline 0.002 -20"><span class='ocrx_word' id='word_1_88' title='bbox 246 1782 287 1855; x_wconf 93' lang='lat' dir='ltr'>id,</span> <span class='ocrx_word' id='word_1_89' title='bbox 303 1783 379 1860; x_wconf 91' lang='lat' dir='ltr'>qnod</span> <span class='ocrx_word' id='word_1_90' title='bbox 393 1784 518 1842; x_wconf 81' lang='lat' dir='ltr'>maxime</span> <span class='ocrx_word' id='word_1_91' title='bbox 530 1783 680 1860; x_wconf 87' lang='lat' dir='ltr'>proprium</span> <span class='ocrx_word' id='word_1_92' title='bbox 694 1794 738 1842; x_wconf 86' lang='lat' dir='ltr'>est</span> <span class='ocrx_word' id='word_1_93' title='bbox 752 1783 867 1859; x_wconf 83' lang='lat' dir='ltr'>optimae</span> <span class='ocrx_word' id='word_1_94' title='bbox 881 1784 1055 1859; x_wconf 67' lang='lat' dir='ltr'>praestantis·</span> 
     </span>
     <span class='ocr_line' id='line_1_15' title="bbox 245 1862 1054 1957; baseline 0 -18"><span class='ocrx_word' id='word_1_95' title='bbox 245 1862 529 1957; x_wconf 77' lang='lat' dir='ltr'>sitneque&#39;naturae.</span> <span class='ocrx_word' id='word_1_96' title='bbox 570 1881 656 1944; x_wconf 79' lang='lat' dir='ltr'>Quid</span> <span class='ocrx_word' id='word_1_97' title='bbox 684 1881 763 1939; x_wconf 89' lang='lat' dir='ltr'>euim</span> <span class='ocrx_word' id='word_1_98' title='bbox 791 1891 835 1939; x_wconf 90' lang='lat' dir='ltr'>est</span> <span class='ocrx_word' id='word_1_99' title='bbox 863 1880 976 1952; x_wconf 88' lang='lat' dir='ltr'>melius,</span> <span class='ocrx_word' id='word_1_100' title='bbox 1006 1891 1054 1939; x_wconf 89' lang='lat' dir='ltr'>aut</span> 
     </span>
     <span class='ocr_line' id='line_1_16' title="bbox 200 1977 1053 2055; baseline 0.006 -23"><span class='ocrx_word' id='word_1_101' title='bbox 200 1982 232 2032; x_wconf 80' lang='lat'>15</span> <span class='ocrx_word' id='word_1_102' title='bbox 245 1977 315 2052; x_wconf 91' lang='lat' dir='ltr'>quid</span> <span class='ocrx_word' id='word_1_103' title='bbox 341 1978 523 2055; x_wconf 77' lang='lat' dir='ltr'>prestantius</span> <span class='ocrx_word' id='word_1_104' title='bbox 550 1978 679 2035; x_wconf 86' lang='lat' dir='ltr'>bonitate</span> <span class='ocrx_word' id='word_1_105' title='bbox 706 1986 735 2035; x_wconf 88' lang='lat' dir='ltr'>et</span> <span class='ocrx_word' id='word_1_106' title='bbox 755 1977 968 2036; x_wconf 82' lang='lat' dir='ltr'>beneficential</span> <span class='ocrx_word' id='word_1_107' title='bbox 997 1997 1053 2055; x_wconf 89' lang='lat' dir='ltr'>qua</span> 
     </span>
     <span class='ocr_line' id='line_1_17' title="bbox 244 2074 1053 2146; baseline 0.004 -14"><span class='ocrx_word' id='word_1_108' title='bbox 244 2094 311 2132; x_wconf 91' lang='lat' dir='ltr'>curn</span> <span class='ocrx_word' id='word_1_109' title='bbox 326 2094 425 2134; x_wconf 88' lang='lat' dir='ltr'>carere</span> <span class='ocrx_word' id='word_1_110' title='bbox 438 2075 535 2133; x_wconf 90' lang='lat' dir='ltr'>Deum</span> <span class='ocrx_word' id='word_1_111' title='bbox 548 2074 644 2146; x_wconf 86' lang='lat' dir='ltr'>vultis,</span> <span class='ocrx_word' id='word_1_112' title='bbox 654 2074 799 2132; x_wconf 90' lang='lat' dir='ltr'>neminem</span> <span class='ocrx_word' id='word_1_113' title='bbox 812 2074 877 2134; x_wconf 88' lang='lat' dir='ltr'>Deo</span> <span class='ocrx_word' id='word_1_114' title='bbox 887 2095 944 2135; x_wconf 86' lang='lat' dir='ltr'>nec</span> <span class='ocrx_word' id='word_1_115' title='bbox 957 2076 1053 2135; x_wconf 89' lang='lat' dir='ltr'>Deum</span> 
     </span>
     <span class='ocr_line' id='line_1_18' title="bbox 244 2171 1052 2246; baseline 0.002 -16"><span class='ocrx_word' id='word_1_116' title='bbox 244 2191 301 2230; x_wconf 90' lang='lat' dir='ltr'>neo</span> <span class='ocrx_word' id='word_1_117' title='bbox 334 2172 483 2229; x_wconf 89' lang='lat' dir='ltr'>hominem</span> <span class='ocrx_word' id='word_1_118' title='bbox 511 2191 623 2243; x_wconf 89' lang='lat' dir='ltr'>carum,</span> <span class='ocrx_word' id='word_1_119' title='bbox 650 2171 796 2230; x_wconf 89' lang='lat' dir='ltr'>neminem</span> <span class='ocrx_word' id='word_1_120' title='bbox 826 2173 860 2230; x_wconf 86' lang='lat' dir='ltr'>ab</span> <span class='ocrx_word' id='word_1_121' title='bbox 888 2192 924 2231; x_wconf 90' lang='lat' dir='ltr'>eo</span> <span class='ocrx_word' id='word_1_122' title='bbox 952 2174 1052 2246; x_wconf 91' lang='lat' dir='ltr'>amari,</span> 
     </span>
     <span class='ocr_line' id='line_1_19' title="bbox 244 2268 1070 2347; baseline 0.002 -19"><span class='ocrx_word' id='word_1_123' title='bbox 244 2269 390 2328; x_wconf 84' lang='lat' dir='ltr'>neminem</span> <span class='ocrx_word' id='word_1_124' title='bbox 417 2268 500 2347; x_wconf 85' lang='lat' dir='ltr'>diligi</span> <span class='ocrx_word' id='word_1_125' title='bbox 528 2269 623 2328; x_wconf 82' lang='lat' dir='ltr'>vultis</span> <span class='ocrx_word' id='word_1_126' title='bbox 678 2269 723 2328; x_wconf 89' lang='lat' dir='ltr'>Ita</span> <span class='ocrx_word' id='word_1_127' title='bbox 751 2269 792 2343; x_wconf 87' lang='lat' dir='ltr'>fit,</span> <span class='ocrx_word' id='word_1_128' title='bbox 821 2280 852 2328; x_wconf 92' lang='lat' dir='ltr'>ut</span> <span class='ocrx_word' id='word_1_129' title='bbox 880 2288 938 2328; x_wconf 91' lang='lat' dir='ltr'>non</span> <span class='ocrx_word' id='word_1_130' title='bbox 967 2272 1070 2337; x_wconf 83' lang='lat' dir='ltr'>modo,</span> 
     </span>
     <span class='ocr_line' id='line_1_20' title="bbox 244 2365 1053 2444; baseline 0.004 -19"><span class='ocrx_word' id='word_1_131' title='bbox 244 2367 377 2425; x_wconf 88' lang='lat' dir='ltr'>homines</span> <span class='ocrx_word' id='word_1_132' title='bbox 399 2387 414 2424; x_wconf 88' lang='lat' dir='ltr'>a</span> <span class='ocrx_word' id='word_1_133' title='bbox 436 2365 501 2439; x_wconf 85' lang='lat' dir='ltr'>Dis,</span> <span class='ocrx_word' id='word_1_134' title='bbox 516 2365 567 2424; x_wconf 92' lang='lat' dir='ltr'>sed</span> <span class='ocrx_word' id='word_1_135' title='bbox 589 2366 644 2444; x_wconf 86' lang='lat' dir='ltr'>ipsi</span> <span class='ocrx_word' id='word_1_136' title='bbox 665 2365 705 2425; x_wconf 84' lang='lat' dir='ltr'>Di</span> <span class='ocrx_word' id='word_1_137' title='bbox 727 2367 801 2425; x_wconf 87' lang='lat' dir='ltr'>iuter</span> <span class='ocrx_word' id='word_1_138' title='bbox 822 2386 853 2426; x_wconf 90' lang='lat' dir='ltr'>se</span> <span class='ocrx_word' id='word_1_139' title='bbox 875 2370 910 2426; x_wconf 83' lang='lat' dir='ltr'>ab</span> <span class='ocrx_word' id='word_1_140' title='bbox 925 2369 989 2427; x_wconf 85' lang='lat' dir='ltr'>aliis</span> <span class='ocrx_word' id='word_1_141' title='bbox 1003 2370 1053 2428; x_wconf 86' lang='lat' dir='ltr'>alii</span> 
     </span>
     <span class='ocr_line' id='line_1_21' title="bbox 198 2465 435 2544; baseline -0.021 -16"><span class='ocrx_word' id='word_1_142' title='bbox 198 2477 230 2528; x_wconf 71' lang='lat'>20</span> <span class='ocrx_word' id='word_1_143' title='bbox 244 2465 435 2544; x_wconf 82' lang='lat' dir='ltr'>negligantur.</span> 
     </span>
    </p>
   </div>
   <div class='ocr_carea' id='block_1_3' title="bbox 123 2660 1053 3232">
    <p class='ocr_par' dir='ltr' id='par_1_3' title="bbox 283 2660 1053 2742">
     <span class='ocr_line' id='line_1_22' title="bbox 283 2660 1053 2742; baseline 0.006 -24"><span class='ocrx_word' id='word_1_144' title='bbox 283 2660 392 2720; x_wconf 85' lang='lat' dir='ltr'>XLIV.</span> <span class='ocrx_word' id='word_1_145' title='bbox 419 2660 541 2721; x_wconf 82' lang='lat' dir='ltr'>Quanto</span> <span class='ocrx_word' id='word_1_146' title='bbox 556 2661 648 2718; x_wconf 78' lang='lat' dir='ltr'>Stoici</span> <span class='ocrx_word' id='word_1_147' title='bbox 669 2660 783 2734; x_wconf 90' lang='lat' dir='ltr'>melius,</span> <span class='ocrx_word' id='word_1_148' title='bbox 799 2662 847 2738; x_wconf 92' lang='lat' dir='ltr'>qui</span> <span class='ocrx_word' id='word_1_149' title='bbox 865 2681 881 2720; x_wconf 85' lang='lat' dir='ltr'>a</span> <span class='ocrx_word' id='word_1_150' title='bbox 895 2664 977 2722; x_wconf 87' lang='lat' dir='ltr'>vobis</span> <span class='ocrx_word' id='word_1_151' title='bbox 990 2684 1053 2742; x_wconf 87' lang='lat' dir='ltr'>rep·</span> 
     </span>
    </p>

    <p class='ocr_par' dir='ltr' id='par_1_4' title="bbox 123 2759 1052 3232">
     <span class='ocr_line' id='line_1_23' title="bbox 195 2759 1052 2839; baseline 0.009 -26"><span class='ocrx_word' id='word_1_152' title='bbox 195 2802 201 2813; x_wconf 86' lang='lat'><em>.</em></span> <span class='ocrx_word' id='word_1_153' title='bbox 243 2759 462 2818; x_wconf 79' lang='lat' dir='ltr'>reheudunturl</span> <span class='ocrx_word' id='word_1_154' title='bbox 505 2760 635 2817; x_wconf 85' lang='lat' dir='ltr'>Censent</span> <span class='ocrx_word' id='word_1_155' title='bbox 651 2769 757 2832; x_wconf 86' lang='lat' dir='ltr'>autem,</span> <span class='ocrx_word' id='word_1_156' title='bbox 773 2762 918 2837; x_wconf 86' lang='lat' dir='ltr'>sapientes</span> <span class='ocrx_word' id='word_1_157' title='bbox 938 2765 1052 2839; x_wconf 88' lang='lat' dir='ltr'>sapien·</span> 
     </span>
     <span class='ocr_line' id='line_1_24' title="bbox 243 2856 1049 2934; baseline 0.005 -19"><span class='ocrx_word' id='word_1_158' title='bbox 243 2858 322 2915; x_wconf 91' lang='lat' dir='ltr'>tibus</span> <span class='ocrx_word' id='word_1_159' title='bbox 342 2858 430 2916; x_wconf 85' lang='lat' dir='ltr'>etiarn</span> <span class='ocrx_word' id='word_1_160' title='bbox 451 2856 558 2934; x_wconf 89' lang='lat' dir='ltr'>ignotis</span> <span class='ocrx_word' id='word_1_161' title='bbox 578 2876 642 2916; x_wconf 89' lang='lat' dir='ltr'>esse</span> <span class='ocrx_word' id='word_1_162' title='bbox 665 2858 792 2916; x_wconf 87' lang='lat' dir='ltr'>amicos:</span> <span class='ocrx_word' id='word_1_163' title='bbox 814 2859 885 2918; x_wconf 88' lang='lat' dir='ltr'>nihil</span> <span class='ocrx_word' id='word_1_164' title='bbox 903 2871 950 2931; x_wconf 22' lang='lat' dir='ltr'>,est</span> <span class='ocrx_word' id='word_1_165' title='bbox 970 2862 1049 2919; x_wconf 86' lang='lat' dir='ltr'>enirn</span> 
     </span>
     <span class='ocr_line' id='line_1_25' title="bbox 242 2955 1052 3046; baseline 0.007 -35"><span class='ocrx_word' id='word_1_166' title='bbox 242 2955 347 3014; x_wconf 87' lang='lat' dir='ltr'>virtute</span> <span class='ocrx_word' id='word_1_167' title='bbox 368 2955 535 3026; x_wconf 82' lang='lat' dir='ltr'>amabilius3</span> <span class='ocrx_word' id='word_1_168' title='bbox 558 2975 644 3031; x_wconf 84' lang='lat' dir='ltr'>quarn</span> <span class='ocrx_word' id='word_1_169' title='bbox 665 2957 715 3033; x_wconf 92' lang='lat' dir='ltr'>qui</span> <span class='ocrx_word' id='word_1_170' title='bbox 737 2957 857 3041; x_wconf 83' lang='lat' dir='ltr'>adeptus</span> <span class='ocrx_word' id='word_1_171' title='bbox 878 2958 974 3046; x_wconf 80' lang='lat' dir='ltr'>luerit,</span> <span class='ocrx_word' id='word_1_172' title='bbox 989 2959 1052 3018; x_wconf 79' lang='lat' dir='ltr'>ub‘r·</span> 
     </span>
     <span class='ocr_line' id='line_1_26' title="bbox 123 3053 1052 3132; baseline 0.008 -23"><span class='ocrx_word' id='word_1_173' title='bbox 123 3060 230 3124; x_wconf 54' lang='lat'><em>&#39;2325</em></span> <span class='ocrx_word' id='word_1_174' title='bbox 244 3071 368 3129; x_wconf 87' lang='lat' dir='ltr'>cumque</span> <span class='ocrx_word' id='word_1_175' title='bbox 395 3053 450 3112; x_wconf 84' lang='lat' dir='ltr'>erit</span> <span class='ocrx_word' id='word_1_176' title='bbox 476 3053 619 3131; x_wconf 87' lang='lat' dir='ltr'>gentium,</span> <span class='ocrx_word' id='word_1_177' title='bbox 647 3074 665 3112; x_wconf 91' lang='lat' dir='ltr'>a</span> <span class='ocrx_word' id='word_1_178' title='bbox 690 3054 775 3113; x_wconf 91' lang='lat' dir='ltr'>nobis</span> <span class='ocrx_word' id='word_1_179' title='bbox 802 3055 946 3132; x_wconf 88' lang='lat' dir='ltr'>diligetur.</span> <span class='ocrx_word' id='word_1_180' title='bbox 988 3057 1052 3116; x_wconf 88' lang='lat' dir='ltr'>Vos</span> 
     </span>
     <span class='ocr_line' id='line_1_27' title="bbox 239 3150 1052 3232; baseline 0.011 -26"><span class='ocrx_word' id='word_1_181' title='bbox 239 3160 338 3208; x_wconf 85' lang='lat' dir='ltr'>autern</span> <span class='ocrx_word' id='word_1_182' title='bbox 353 3151 423 3228; x_wconf 88' lang='lat' dir='ltr'>quid</span> <span class='ocrx_word' id='word_1_183' title='bbox 437 3150 506 3211; x_wconf 88' lang='lat' dir='ltr'>mali</span> <span class='ocrx_word' id='word_1_184' title='bbox 520 3150 603 3223; x_wconf 86' lang='lat' dir='ltr'>datis,</span> <span class='ocrx_word' id='word_1_185' title='bbox 620 3170 686 3210; x_wconf 90' lang='lat' dir='ltr'>cum</span> <span class='ocrx_word' id='word_1_186' title='bbox 701 3151 731 3210; x_wconf 90' lang='lat' dir='ltr'>in</span> <span class='ocrx_word' id='word_1_187' title='bbox 746 3152 944 3212; x_wconf 84' lang='lat' dir='ltr'>imbecillitate</span> <span class='ocrx_word' id='word_1_188' title='bbox 964 3155 1052 3232; x_wconf 82' lang='lat' dir='ltr'>grati·</span> 
     </span>
    </p>
   </div>
   <div class='ocr_carea' id='block_1_4' title="bbox 225 3247 1054 3330">
    <p class='ocr_par' dir='ltr' id='par_1_5' title="bbox 225 3247 1054 3330">
     <span class='ocr_line' id='line_1_28' title="bbox 225 3247 1054 3330; baseline 0.01 -23"><span class='ocrx_word' id='word_1_189' title='bbox 225 3247 406 3315; x_wconf 68' lang='lat' dir='ltr'>ficationem</span> <span class='ocrx_word' id='word_1_190' title='bbox 433 3264 466 3316; x_wconf 78' lang='lat' dir='ltr'>et</span> <span class='ocrx_word' id='word_1_191' title='bbox 492 3251 731 3316; x_wconf 81' lang='lat' dir='ltr'>benerolentiarn</span> <span class='ocrx_word' id='word_1_192' title='bbox 745 3251 876 3330; x_wconf 60' lang='lat' dir='ltr'>contusi</span> <span class='ocrx_word' id='word_1_193' title='bbox 910 3252 957 3312; x_wconf 71' lang='lat' dir='ltr'>lit</span> <span class='ocrx_word' id='word_1_194' title='bbox 971 3254 1054 3315; x_wconf 74' lang='lat' dir='ltr'>euim</span> 
     </span>
    </p>
   </div>
   <div class='ocr_carea' id='block_1_5' title="bbox 0 0 1210 3859">
    <p class='ocr_par' dir='ltr' id='par_1_6' title="bbox 0 0 1210 3859">
     <span class='ocr_line' id='line_1_29' title="bbox 0 0 1210 3859; baseline 0 1"><span class='ocrx_word' id='word_1_195' title='bbox 0 0 1210 3859; x_wconf 95' lang='lat' dir='ltr'> </span> 
     </span>
    </p>
   </div>
  </div>
 </body>
</html>
