2409 3859
471 504 477 513 .
495 462 597 511 utana
613 462 633 509 1.
654 453 688 508 l‘l.

178 618 345 693 tiorumqpe
365 615 408 699 (an
436 613 544 672 eodem
571 611 898 693 generejdementmm:
932 540 993 670 tila

181 717 263 773 etiam
284 712 371 790 vulgi
391 710 561 788 opiniones,
575 728 639 783 quae
653 709 683 767 in
696 709 821 767 maxima
835 710 997 769 inconstan-

184 811 229 882 tia,
241 810 376 868 veritatis
397 794 595 886 ignoratione,
610 816 766 864 versantur.
809 806 852 863 Ea
866 808 915 882 qui
929 827 997 865 con-

186 909 287 967 sideret
322 925 414 982 quam
448 903 616 962 inconsulte
650 922 685 960 ac
717 915 826 961 temere
853 903 995 977 dicantur,

188 1007 313 1063 venerari
327 1004 507 1079 Epicurum,
523 1010 552 1057 et
565 1000 595 1057 in
609 1018 708 1057 eorum
723 1001 851 1076 ipsorum
865 1020 995 1074 numero,
1008 1017 1024 1065 5

189 1101 342 1176 dequibus
357 1101 422 1159 haec
436 1096 563 1175 quaestio
582 1108 635 1169 est,
651 1098 756 1155 habere
777 1098 897 1156 debeat.
919 1099 997 1157 solus

190 1199 263 1255 enim
282 1198 365 1268 vidit,
379 1196 526 1275 primum,
532 1212 594 1251 esse
615 1193 703 1265 Deos,
719 1195 823 1269 quod
817 1215 846 1252 111
866 1196 997 1253 omnium

193 1294 290 1351 animis
303 1290 574 1351 eorum-notionem
595 1290 783 1366 impressisset
804 1286 865 1368 ipsa
884 1304 994 1351 natura.

191 1390 263 1453 Quae
283 1401 328 1449 est
349 1390 429 1448 enim
451 1405 536 1464 gens,
559 1397 607 1444 aut
627 1388 702 1462 quod
724 1407 816 1464 genus
836 1388 996 1461 hominum,

191 1488 263 1562 quod
290 1506 350 1545 non
378 1486 488 1544 habeat
515 1483 577 1542 siue
603 1474 737 1542 doctriuai
764 1486 996 1562 anticipationem
1010 1497 1041 1547 10

192 1586 332 1665 quandam
346 1583 504 1642 Deoruml
525 1601 610 1656 quam
627 1583 750 1658 appellat
769 1583 908 1655 πρόληψιν
929 1583 997 1658 Epi·
1034 1613 1040 1627 ·

194 1702 285 1757 curus,
306 1684 337 1741 id
365 1693 421 1752 cst,
452 1690 633 1756 anteceptam
662 1682 759 1739 animo
785 1682 827 1738 rei
854 1681 998 1755 quandam

195 1777 436 1885 iulonpatipuem,
450 1775 515 1833 sine
536 1795 592 1851 qua
613 1795 668 1833 nec
689 1775 811 1852 intelligi
832 1775 997 1849 quidquam,

193 1893 245 1932 nec
262 1860 366 1951 lpuaeri,
381 1892 440 1931 nec
462 1871 599 1947 disputari
621 1882 726 1949 potest.
768 1871 859 1948 Cujus
880 1872 999 1932 rationis

194 1971 247 2029 vim
268 1982 354 2047 atque
375 1969 533 2027 utilitatem
553 1988 588 2027 ex
611 1969 659 2027 illo
687 1969 794 2026 caelesti
822 1969 942 2046 Epicuri
962 1972 998 2030 de
1012 1981 1043 2030 15

195 2062 289 2148 reguli
301 2082 330 2129 et
343 2068 460 2148 judicio
474 2066 620 2125 volumine
635 2068 807 2144 accepimus.

230 2264 329 2323 XVII.
356 2261 452 2325 Quod
467 2260 553 2337 igitur
567 2261 785 2320 fundamentum
807 2263 891 2340 hujus
911 2285 1001 2341 quaes·
1059 2252 1078 2309 *l

195 2361 346 2430 uouisset,
361 2359 393 2418 id
406 2359 544 2434 preclare
555 2359 666 2435 jactum
681 2360 791 2418 videtis.
833 2363 910 2419 Cum
923 2362 1000 2418 enim

196 2476 249 2517 non
269 2458 408 2517 instituto
430 2454 526 2530 aliquo
548 2465 597 2512 aut
617 2475 697 2513 more
712 2467 761 2514 aut
774 2457 838 2534 lege
852 2459 889 2516 sit
902 2457 1002 2532 opinio

197 2558 362 2636 constituta,
384 2563 557 2628 maneatque
585 2553 621 2610 ad
649 2572 739 2611 unum
766 2557 894 2612 omnium
920 2554 1046 2614 firmam

198 2653 368 2720 consensio;
392 2649 516 2727 intelligi
536 2669 657 2707 necesse
677 2662 720 2709 est
745 2671 807 2710 esse
828 2653 917 2722 Deos,
932 2670 1001 2725 quo·

199 2748 272 2805 niam
286 2749 391 2806 insitas
404 2765 514 2820 eorum,
526 2748 569 2805 vel
584 2748 681 2824 potius
695 2749 807 2807 innatas
821 2748 1002 2824 cognitiones

199 2843 345 2903 habemus.
395 2842 441 2900 Dc
469 2864 526 2919 quo
546 2855 641 2902 autem
663 2846 791 2903 omnium
812 2855 914 2904 natura
935 2864 1003 2902 con·

201 2942 296 3014 sentit,
319 2940 349 2997 id
377 2959 476 2998 verum
496 2960 559 3000 esse
580 2961 700 3000 necesse
721 2953 772 3000 est.
816 2941 888 2999 Esse
915 2941 1004 3017 igitur-

202 3036 280 3094 Deos
301 3037 497 3095 confitendum
511 3049 563 3096 est.
605 3038 696 3120 Quod
711 3040 847 3114 quoniam
862 3035 921 3094 fere
935 3056 1003 3093 con·
1015 3049 1047 3102 25

202 3144 258 3191 stat
271 3132 345 3191 iuter
359 3152 460 3193 omnes
473 3154 531 3193 non
539 3135 725 3212 philosophos
737 3136 840 3202 solum,
851 3133 902 3190 sed
915 3133 1004 3191 etiam

200 3228 333 3289 indoctos
339 3250 350 3302 ,·
377 3232 521 3299 fateamur
551 3245 694 3299 constane
716 3234 798 3298 'illut
821 3228 1023 3297 stimmo

434 3337 459 3402 3
468 3337 486 3376 θ
