2409 3859
467 481 510 527 DE
528 481 663 528 NATURA
681 481 825 528 omnum.

246 630 365 690 rationis
378 641 422 689 est
441 632 593 708 particeps,
607 632 698 708 pluris
717 649 780 688 esse
800 649 886 706 quam
906 631 1044 690 mundum

246 747 360 785 omnem
394 739 543 805 oporteret.
585 729 682 804 Atque
715 728 811 799 etiam,
839 728 864 785 si
898 748 915 785 a
946 729 1045 804 primis

247 825 446 901 inchoatisque
479 826 588 883 naturis
627 826 662 882 ad
702 826 816 882 ultimas
847 826 1045 901 perfectasque

247 923 378 980 volumus
391 924 557 999 procedere,
573 923 607 980 ad
622 923 750 980 Deorum
763 934 896 979 naturam
918 922 1045 998 perveni·

216 1028 234 1076 5
248 1039 328 1077 amus
342 1039 461 1078 necesse
475 1030 526 1077 est.
567 1020 665 1077 Primo
685 1020 762 1076 enim
784 1019 1044 1090 animadvertimus,

248 1137 264 1174 a
277 1127 380 1175 natura
394 1117 528 1174 sustineri
543 1135 586 1188 ea,
602 1136 665 1191 quae
685 1116 839 1193 gignantur
854 1125 970 1187 eterra,
986 1114 1046 1190 qui·

246 1214 300 1271 bus
313 1224 415 1271 natura
428 1213 500 1270 nihil
516 1213 614 1270 tribuit
631 1213 760 1289 amplius,
776 1231 861 1286 quam
876 1221 908 1268 ut
921 1230 956 1269 ea
972 1214 1047 1270 alen·

246 1311 284 1367 do
295 1320 379 1385 atque
389 1310 520 1387 augendo
530 1320 665 1368 tueretur.
708 1309 813 1366 Bestiis
824 1319 918 1366 autem
930 1327 1045 1366 sensum

247 1418 275 1465 et
289 1420 398 1464 motum
418 1407 506 1478 dedit,
522 1419 550 1464 et
571 1425 638 1464 cum
659 1406 781 1480 quodam
804 1405 930 1481 appetitu
951 1423 1047 1463 acceo·

205 1515 234 1564 '0
247 1523 309 1561 sum
320 1504 360 1561 'ad
380 1523 425 1562 res
445 1504 591 1576 salutares,
609 1523 625 1560 a
643 1503 785 1579 pestiferis
805 1502 969 1559 rece‘ssumz'
990 1502 1047 1560 hoc

247 1601 358 1659 homini
393 1601 522 1677 amplius,
550 1601 628 1676 quod
662 1599 771 1657 addidit
804 1598 955 1670 rationem,
991 1617 1048 1674 qua

246 1709 413 1776 regerentur
428 1698 515 1756 animi
531 1696 681 1774 appetitus,
691 1696 811 1772 quitum
823 1695 1046 1768 remitterentur,

247 1807 308 1853 tum
323 1796 545 1853 continerentur.

286 1989 370 2048 XIII.
398 1991 530 2052 Quartus
545 1999 640 2046 autem
660 1988 766 2064 gradus
786 1997 815 2044 et
836 1987 991 2045 altissimus
1004 1995 1049 2046 est

204 2101 234 2150 15
247 2104 356 2157 eorum,
371 2087 420 2161 qui
440 2096 542 2143 natura
563 2085 631 2142 boni
652 2086 851 2160 sapientesque
872 2084 1046 2161 gignuntur:

247 2182 351 2258 quibus
366 2182 536 2259 aprincipio
548 2181 706 2238 innascitur
722 2181 793 2238 ratio
808 2192 888 2238 recta
901 2193 1049 2238 constans·

247 2300 313 2357 que,
335 2300 397 2357 quae
425 2301 509 2357 supra
536 2279 689 2337 hominem·
704 2281 831 2356 putanda
850 2290 902 2350 est,
925 2280 1049 2356 Deoque

247 2378 408 2445 tribuenda,
438 2378 466 2435 id
494 2389 536 2435 est
563 2376 689 2434 mundo:
720 2376 748 2433 in
776 2396 834 2451 quo
860 2394 980 2434 necesse
1005 2387 1049 2435 est

249 2476 402 2552 perfectam
418 2475 495 2532 iliam
510 2484 594 2549 atque
610 2474 766 2530 absolutam
783 2473 875 2530 inesse
895 2474 1047 2531 rationem.
1063 2472 1065 2477 ’

203 2581 235 2630 20
248 2572 357 2647 Neque
367 2571 444 2628 enim
453 2572 516 2629 'dici
530 2580 634 2646 potest,
647 2571 675 2626 in
688 2571 745 2627 ulla
756 2588 850 2626 rerum
866 2569 1049 2628 institutione

248 2671 384 2728 non'csse
399 2668 506 2742 aliquid
521 2679 679 2724 extremum
695 2679 779 2742 atquc
798 2666 967 2742 perfectum.
1009 2667 1049 2724 Ut

249 2767 325 2823 enim
341 2767 370 2823 in
385 2765 452 2835 vite,
468 2776 498 2821 ut
513 2765 541 2821 in
556 2765 668 2840 pecude
684 2763 753 2840 (nisi
774 2782 837 2837 quae
858 2762 900 2818 vis
921 2764 1047 2842 obstitit)

248 2863 378 2920 videmus
392 2873 521 2927 naturam
536 2879 588 2918 suo
602 2861 725 2935 quodam
742 2861 844 2917 itinere
858 2859 892 2915 ad
914 2860 1047 2916 ultimum

247 2959 396 3035 pervenire
409 2978 415 3016 τ
438 2968 522 3032 atque
543 2968 575 3014 ut
594 2958 707 3033 pictura
722 2967 750 3013 et
765 2956 872 3013 fabrica
887 2968 1049 3030 ceteraeque

203 3064 235 3114 25
250 3068 323 3114 artes
347 3057 452 3113 habeut
473 3054 615 3129 quendam
639 3054 759 3110 absoluti
780 3053 874 3128 operis
894 3053 1047 3110 effectum:

246 3153 291 3210 sic
305 3153 334 3211 in
349 3153 428 3211 omni
442 3164 554 3222 natura,
566 3169 600 3208 ac
612 3151 702 3208 multo
716 3152 801 3208 etium
816 3149 916 3224 magis,
928 3168 1048 3207 necesse

233 3260 279 3309 est
309 3251 423 3312 absolvi
452 3248 567 3331 aliquid
593 3267 630 3309 uc
655 3247 768 3326 pertici.
801 3245 925 3303 Etenim
947 3246 1051 3302 retnis
