2409 3859
185 442 227 501 ω
452 455 495 502 nn
514 455 648 503 NATURA
666 454 811 503 pronun.

231 601 326 662 Thale
339 589 455 663 Milesio
467 605 505 663 ‹le
524 604 653 663 Deorum
673 614 775 663 natura
794 602 1030 680 philosophorum

111 714 146 765 tr.
230 701 395 759 sententiae.
435 701 590 781 Omneane
603 700 662 767 tibi,
678 701 720 777 illi
738 700 859 759 delirare
879 700 1029 773 visisunt,

231 798 280 874 qui
294 798 357 857 eine
370 799 502 857 manibus
514 809 544 857 ct
556 796 678 875 pedihus
691 810 823 857 constare
837 796 933 857 Deum
945 815 1031 873 poseo

231 895 439 955 decreveruntl
478 895 527 954 Ne
541 896 597 954 hoc
617 895 733 971 quidem
747 913 798 953 vos
816 905 922 967 moret,
936 893 1031 955 conei-

198 992 364 1052 6derantes
377 1012 442 1069 quae
461 993 498 1051 sit
518 993 627 1051 utilitas
646 992 1030 1078 qppque.,ppportunitaa.in

231 1090 346 1149 homine
366 1062 618 1163 membrorumsil'l
629 1070 918 1166 ‘juillcetielr'ierribrie
932 1052 1032 1149 hlml·

230 1187 276 1245 nis
286 1188 432 1245 Decenrm
438 1189 549 1264 egere-l
590 1187 674 1249 Quid
685 1186 762 1245 enim
772 1186 895 1262 pedibus
904 1205 976 1261 opus
987 1196 1033 1245 eet

230 1284 293 1341 sine
307 1284 456 1361 ingressui
476 1284 546 1359 qnid
558 1285 700 1356 manibus,
714 1284 739 1341 si
752 1282 824 1341 nihil
845 1283 1033 1367 comprehen-

230 1381 357 1439 (lendum
377 1383 439 1439 estl
467 1381 536 1457 qnid
556 1381 667 1457 reliqua
688 1380 882 1459 descriptione
899 1368 1032 1437 omnium

187 1483 218 1535 ιο
231 1478 359 1554 corporis
384 1477 519 1555 partium,
541 1479 571 1536 in
591 1497 649 1554 qua
667 1478 739 1536 nini
760 1474 864 1549 intua·
877 1462 947 1535 hm
969 1478 1032 1536 arne

230 1594 329 1647 cauea,
342 1574 413 1632 nihil
425 1593 669 1651 supervacaneum
679 1575 743 1632 eetl
784 1573 886 1648 Itaque
895 1573 976 1631 nulla
986 1592 1032 1633 ara

231 1654 338 1730 imitari
352 1671 508 1731 sollertiam
522 1682 631 1730 naturae
650 1682 752 1748 potest.
794 1669 923 1728 Habebit
943 1669 1032 1746 igitur

230 1768 359 1846 linguam
368 1768 464 1840 Deus,
478 1779 508 1828 et
521 1787 579 1827 non
595 1769 745 1844 loquetur:
767 1767 878 1838 dentes,
892 1767 1031 1842 palatum,

231 1864 461 1923 fauces-nullum
488 1865 523 1923 ad
545 1883 645 1923 usum:
674 1882 795 1940 quaeque
820 1863 1030 1939 procreationis

186 1971 218 2020 15
231 1980 321 2019 causa
339 1971 443 2020 natura
462 1962 575 2036 corpori
597 1961 715 2032 affinxit,
736 1979 772 2018 ea
791 1960 895 2018 frustra
915 1959 1032 2019 habebit

230 2045 409 2136 Deuernec
428 2068 545 2116 externa
565 2057 667 2133 magia,
688 2077 774 2133 quam
795 2057 948 2127 interiora3
970 2075 1031 2130 cor,

230 2154 389 2231 pulmones,
408 2154 500 2242 jecur,
522 2164 635 2224 cetara;
665 2154 1031 2251 quae‚detrac„tla‘autilitntp,

210 2298 211 2302 ,
231 2250 301 2327 quid
321 2250 623 2319 hahent3venustatisl
644 2226 1031 2331 quandoquidemlla'eoffl

232 2347 278 2416 in·
291 2347 356 2406 Deo
381 2357 495 2425 propter
521 2348 766 2424 pulchritudinem
792 2347 886 2405 vultis.
927 2347 1032 2407 Istisne

110 2445 129 2514 3
186 2455 220 2506 20
232 2445 351 2529 fidentes
365 2445 484 2504 somniis
497 2464 555 2503 non
569 2445 656 2502 modo
677 2445 829 2521 Epicurus,
844 2455 873 2502 et
886 2443 1033 2503 Metrodo-

232 2563 291 2612 rus,
301 2553 330 2601 et
343 2542 525 2609 Hermachua
540 2552 641 2600 contra
654 2541 855 2619 Pythagoram,
870 2540 1031 2613 Platonem,

232 2640 494 2718 Empedoclemque
514 2639 658 2709 dixerunt,
672 2639 723 2696 sed
743 2637 925 2696 meretricula
945 2639 1032 2697 etiarn

232 2737 387 2797 Leontium
398 2746 499 2794 contra
510 2735 744 2811 Theophrastum
754 2735 881 2793 scribere
892 2754 961 2794 ausa
971 2735 1031 2794 estl

233 2835 307 2903 scito
327 2835 376 2893 illa
395 2833 512 2908 quidem
525 2851 658 2891 sermone
671 2843 700 2890 et
713 2832 833 2890 Attico:
861 2832 1031 2908 sedtamcn.

188 2941 219 2991 25
232 2931 360 2989 Tantum
375 2930 495 3008 Epicuri
509 2930 609 2987 hortus
620 2929 719 2986 hahuit
730 2929 870 2986 licentiae!
912 2928 951 2986 Et
961 2929 1033 2987 sole·

232 3029 269 3087 tis
289 3029 386 3104 queri:
415 3028 501 3086 Zeno
521 3026 636 3102 quidem
657 3025 744 3083 etium
770 3024 909 3102 litigabat.
948 3025 1032 3088 Quid

231 3127 327 3184 dicam
338 3124 489 3184 Albutiurn
499 3124 511 3180 l
551 3121 629 3181 Nam
640 3121 762 3180 Phaedro
775 3122 848 3180 nihil
861 3123 1032 3201 elegantior,

201 3222 298 3283 ,nihil
308 3221 488 3283 humaniuea
507 3219 562 3281 aeri
572 3219 802 3281 stomachnhatur
815 3237 916 3291 senex,
924 3225 950 3279 ei
962 3218 1032 3299 quid
