2409 3859
215 333 256 396 tt
479 344 523 391 on
541 343 676 412 neruus
692 341 839 391 osonum.

194 516 196 521 >
257 494 479 573 pgmersimimm
497 493 599 553 oculis
638 493 721 556 Quid
733 494 830 565 refert,
850 491 875 552 si
896 493 952 553 hoo
965 491 1033 569 ipsui

248 589 366 732 ΙινιιΙιιιιιι
381 590 422 648 illi
436 601 465 649 et
479 602 628 650 venustum
642 590 813 648 videbaturt

123 777 188 846 ‘80
295 784 415 870 XXIX.
444 785 547 842 Redeo
562 785 597 842 ad
616 762 710 847 Deos.
744 784 904 862 Ecquos
881 804 907 841 si
923 794 1098 889 nonita}³

249 879 418 953 sttaboncs,
440 893 468 938 at
494 882 614 957 paetulos
641 900 703 939 esse
731 881 921 938 arbitramur?
948 899 1098 969 ecun

164 983 167 988 '
231 991 371 1038 5naevum
393 978 518 1037 haberel
545 997 650 1053 coquos
670 977 748 1050 silos,
762 971 879 1048 linceos,
900 977 1061 1047 fronton&

261 1075 416 1150 capitones,
429 1093 491 1150 quae
502 1086 569 1132 sunt
583 1074 612 1131 in
624 1073 725 1132 nobisl
747 1093 783 1131 an
796 1072 893 1131 omnia
905 1073 1057 1132 emendata

261 1171 290 1228 in
310 1171 389 1229 illisi
430 1171 522 1229 Detur
543 1170 572 1228 id
591 1171 681 1243 vobis,
721 1169 801 1228 Num
821 1170 908 1228 etium
928 1189 988 1228 una
1013 1180 1056 1229 est

259 1267 388 1326 omnium
410 1267 518 1325 faciesl
544 1285 611 1324 nam
634 1264 659 1323 si
685 1266 791 1341 plures,
813 1266 896 1324 alium
917 1285 981 1325 csse
1002 1267 1056 1325 aliu

259 1364 451 1441 pulchriorem
465 1381 584 1422 necesse
603 1373 666 1421 est:
687 1363 773 1440 igitur
795 1362 897 1437 aliquis
916 1383 976 1421 non
995 1363 1057 1439 pul·

216 1479 247 1529 ιο
260 1461 418 1520 cherrimus
432 1461 519 1519 Deus.
562 1460 594 1518 si
609 1479 667 1518 una
680 1459 806 1517 omnium
817 1460 966 1532 luciesest,
975 1461 1056 1521 flors-

199 1565 204 1575 '
260 1560 344 1619 rein
372 1560 442 1618 caelo
469 1559 656 1617 Academiam
682 1577 800 1617 necesse
827 1569 877 1616 est.
918 1560 952 1616 Si
978 1560 1055 1618 enim

259 1660 353 1718 nihil
345 1670 418 1718 mter
433 1659 529 1717 Deum
542 1669 571 1716 et
584 1658 680 1716 Deum
694 1659 803 1728 differt3
824 1658 903 1715 nulls
915 1669 960 1717 est
981 1659 1055 1735 apud

142 1764 185 1827 ὃ(
258 1756 338 1814 Deos
357 1756 497 1832 cognitio,
517 1755 595 1812 nullu
615 1755 790 1837 perceptio.
795 1754 935 1852 Quidj
912 1775 937 1813 sr
958 1756 1054 1827 etiam,

258 1851 362 1923 Vellei,
384 1853 486 1911 falsum
513 1851 583 1908 illud
612 1851 730 1908 omnino
755 1826 809 1923 esi,
813 1819 943 1910 mittin
971 1852 1055 1911 sliam

213 1948 341 2012 mochis
354 1949 389 2006 de
403 1948 467 2007 Deo
481 1947 675 2025 cogitantibus
694 1948 830 2024 speciem,
844 1949 901 2006 nisi
920 1948 1054 2021 hominis,

257 2047 428 2104 occurrersl
449 2056 581 2103 tamenne
600 2044 656 2101 ista
674 2055 733 2102 tom
754 2045 876 2103 absurda
896 2046 1054 2106 defendent

258 2141 352 2201 Nobis
379 2144 497 2201 fortasse
523 2142 567 2199 sic
593 2142 730 2214 occurrit,
757 2151 790 2199 ut
815 2141 907 2199 dicis:
941 2143 1053 2216 Jovem,

258 2239 412 2311 Iunonem,
451 2238 621 2309 Minervam,
661 2236 840 2315 Neptunum,
879 2238 1054 2312 Vulcanum,

259 2336 432 2413 Apollinem,
447 2335 570 2410 reliquos
590 2334 679 2401 Deos,
695 2353 730 2392 ea
749 2334 823 2393 facie
842 2334 1055 2411 novimusque

213 2453 246 2503 ρο
258 2433 382 2510 pictores
392 2432 562 2506 lictoresque
572 2431 740 2489 volucrunt:
756 2448 849 2506 neque
862 2429 955 2486 solum
969 2430 1054 2502 socie,

259 2531 309 2588 sed
323 2530 408 2588 etiarn
421 2538 533 2600 ornatu,
548 2539 640 2600 aetate,
654 2528 777 2586 vestitur
799 2537 897 2585 utnon
913 2527 1053 2607 AEgyptii‚

256 2647 314 2685 neo
340 2626 414 2704 Syri,
442 2644 497 2683 nec
524 2627 583 2684 fere
610 2634 716 2683 cuncta
741 2624 887 2695 burbsriu;
916 2625 1055 2685 firmiores

257 2723 334 2780 enim
354 2722 450 2782 videas
471 2721 545 2798 apud
566 2740 616 2780 eos
636 2720 785 2797 opiniones
804 2740 867 2779 esse
893 2721 929 2778 de
955 2721 1054 2780 bestiis

257 2819 436 2894 quibusdam,
446 2837 531 2894 quam
541 2817 615 2894 opud
626 2835 678 2875 nos
693 2817 729 2875 de
742 2816 929 2875 sanctissimis
939 2819 1054 2894 templis

119 2898 182 2967 ill«
213 2921 245 2971 52
257 2927 286 2972 st
297 2916 455 2975 simulacris
469 2915 606 2974 Deorum.
647 2913 761 2972 Etenim
775 2914 841 2971 luna
851 2912 941 2970 multa
953 2932 1053 2991 exspo-

258 3012 334 3079 liata,
349 3023 377 3071 et
398 3014 549 3071 simulacra
569 3011 697 3069 Deorum
718 3011 754 3069 de
774 3010 847 3068 locis
866 3010 1053 3069 sanctissimis

246 3108 346 3168 obluta
362 3110 493 3171 videmus
508 3108 661 3170 anostriss
675 3119 824 3166 strenuus
837 3107 923 3166 lando
936 3108 1052 3184 quidem
