2409 3859
457 484 460 489 -
514 457 612 505 mana
631 458 650 503 r.
669 457 706 505 ar.
1017 449 1058 509 tt

203 609 306 682 lecerit,
334 608 451 668 fecisse
477 608 630 667 consulto:
665 609 701 667 de
744 608 860 667 homme
893 608 1013 667 minime

205 709 276 765 ralro
290 708 371 765 male
386 704 566 764 existimant.
606 706 736 764 Dubium
757 717 801 764 est
814 706 902 777 enim,
916 717 1012 764 utrum
1087 706 1098 773 l

205 806 304 881 aliquid
335 805 421 863 dicat
449 804 505 862 iste
527 804 642 861 beatum
662 815 692 862 et
711 803 884 878 immortale,
913 825 959 880 an,
987 804 1012 863 si

205 904 275 979 quod
294 903 335 961 sit
364 903 494 973 beatum,
516 901 547 959 id
573 919 635 959 esse
655 901 823 959 immortale.
864 898 934 958 Non
955 902 1014 959 ani·

206 1001 396 1072 madvertunt,
411 998 463 1057 hic
477 1016 544 1057 eum
565 1000 699 1076 ambigue
719 1000 847 1058 locutum
862 1016 941 1068 esse;
962 999 1041 1057 sed5

206 1099 300 1156 multis
328 1097 397 1155 aliis
417 1097 503 1169 locis,
524 1106 553 1154 et
574 1097 664 1169 illum,
685 1108 715 1155 et
735 1096 934 1155 Metrodorum
953 1107 1012 1154 tam

207 1207 310 1270 aperte,
324 1213 415 1271 quam
428 1193 517 1271 paulo
532 1204 598 1251 ante
611 1204 648 1253 te.
689 1193 743 1252 Ille
763 1213 830 1253 vero
852 1195 930 1253 Deos
950 1213 1013 1253 esse

207 1303 302 1368 putat;
332 1310 389 1350 nec
409 1308 585 1367 quemquam
606 1291 674 1362 vidi,
696 1292 744 1366 qui
766 1293 857 1369 magis
883 1311 927 1363 ea,
949 1312 1013 1368 quae

208 1389 334 1447 timenda
361 1406 427 1447 esse
446 1398 577 1465 negaret,
597 1388 728 1458 timeret3
757 1401 877 1446 mortem
898 1390 965 1447 dico
984 1399 1013 1447 et

208 1484 290 1545 Deos.
333 1485 457 1547 Quibus
471 1484 633 1567 mediocres
647 1485 778 1543 homines
792 1504 850 1543 uon
872 1486 912 1543 ita
932 1487 1013 1544 valde
1026 1487 1058 1538 1⁰

210 1594 367 1652 morentur,
402 1580 451 1641 hia
486 1581 535 1639 ille
562 1582 668 1640 clamat
694 1582 823 1640 omnium
850 1584 1013 1641 mortalium

168 1750 179 1761 .
208 1679 580 1756 menuaesseperrerriras.
622 1680 684 1738 Tot
694 1680 1013 1748 millialatrocinantur,

169 1780 192 1851 ζ
209 1790 295 1836 morte
316 1777 477 1855 proposita.
519 1776 580 1834 Alii
600 1778 708 1848 omnia,
723 1796 786 1850 quae
800 1787 929 1852 possunt,
944 1796 1014 1836 sana

162 1860 191 1967 7,
208 1876 369 1955 compilant.
415 1872 524 1944 Credo,
539 1884 587 1932 aut
608 1875 672 1932 illos
693 1873 792 1931 mortis
812 1874 897 1931 timor
918 1886 1012 1949 terret,

210 1976 320 2032 authos
334 1971 497 2049 religionis.
539 1972 754 2047 sedquoniam
766 1990 823 2029 non
839 1973 947 2051 audes(
954 1974 1013 2051 jam
1027 1985 1058 2035 15
1088 1973 1098 2025 ἶ

165 2076 186 2123 'l
195 2071 279 2130 enim
294 2091 365 2130 curn
381 2071 447 2145 ipso
457 2068 586 2144 Epicuro
599 2070 714 2148 loquar)
727 2088 831 2147 negare
842 2089 904 2129 esse
919 2073 1012 2142 Deos3

207 2170 268 2243 quid
283 2180 328 2228 est
342 2166 423 2244 quod
438 2176 467 2223 te
481 2167 618 2241 impediat
630 2178 679 2225 aut
692 2167 791 2239 solem,
804 2171 1013 2242 trutmundum,

208 2278 250 2325 tut
278 2277 410 2325 mentem
446 2264 569 2339 aliquam
596 2264 799 2340 sempiternam
827 2266 856 2323 in
884 2266 1013 2326 Deorum

206 2375 304 2423 natura
321 2362 456 2440 ponerel
497 2360 654 2437 Nunquam
675 2361 743 2433 vidi,
766 2364 867 2438 inquit,
890 2365 1013 2422 animam

207 2456 324 2519 rationis
354 2459 528 2534 consiliique
554 2460 723 2536 participem
751 2460 780 2518 in
802 2462 860 2519 ulla
881 2463 936 2518 alia
956 2460 1012 2517 nisi
1025 2465 1057 2516 20

208 2555 332 2615 humana
345 2557 448 2634 figura.
490 2555 595 2617 Quidl
637 2557 714 2614 Solis
730 2559 948 2633 numquidnam,
965 2568 1013 2615 aut

208 2652 289 2726 lunae,
306 2665 356 2712 aut
371 2653 499 2729 quinque
513 2653 670 2711 errantium
684 2655 810 2713 siderum
823 2656 917 2713 simile
928 2655 1013 2714 vidis·

208 2748 250 2807 tit
305 2751 357 2809 Sol
387 2749 498 2806 duabus
525 2750 611 2808 unius
638 2752 715 2809 orbis
743 2752 851 2810 ultimis
884 2752 1012 2828 partibus

209 2845 347 2907 definiens
361 2858 481 2918 motum,
497 2867 596 2905 cursus
618 2868 728 2907 annuos
749 2849 873 2908 conficit.
916 2849 1012 2928 Hujus

209 2942 281 3001 hanc
308 2945 507 3002 lustrationem
534 2944 661 3021 ejusdem
689 2947 808 3004 incensa
827 2946 914 3004 radiis
934 2954 1053 3007 men-25

210 3052 286 3098 struo
300 3042 394 3116 spatio
407 3042 475 3099 luna
497 3043 629 3118 complet.
670 3043 811 3118 Quinque
832 3054 927 3103 autem
947 3046 1012 3104 stel-

210 3136 244 3195 ta
258 3138 382 3196 eundem
396 3140 495 3197 orbem
510 3150 650 3213 tenentes,
666 3140 728 3197 aliae
741 3141 859 3216 propius
881 3160 897 3199 a
916 3145 1010 3213 terris,

212 3232 272 3292 dire
301 3235 451 3308 remotius,
480 3237 518 3299 ab
543 3236 642 3303 isdem
668 3238 840 3323 principiis,
864 3238 1036 3318 dimmittere

396 3335 420 3396 5
