2409 3859
486 458 583 505 mnan
602 458 634 504 11.
655 458 688 505 ra
991 448 1032 508 93

217 609 336 670 XVHI.
365 608 493 681 Interea,
520 608 627 679 Vellei,
653 608 724 680 noli,
745 627 852 684 quaeso,
872 628 931 689 praa
958 619 988 666 te

182 708 263 781 nne,
278 728 331 766 vos
344 707 432 784 plane
451 717 580 782 expertes
601 725 665 764 esse
684 705 831 765 doctriua.
873 708 988 766 Conum

181 806 232 864 tibi
247 805 299 877 ais,
315 817 345 863 et
360 803 532 879 cylindrum,
548 813 577 860 et
596 803 773 879 pyramidem
794 803 988 879 pulchriorem

182 922 267 978 quam
287 902 432 978 sphaeram
452 900 550 959 videri.
593 900 711 958 Novum
731 901 817 958 etiam
839 902 987 959 oculorum

187 998 332 1076 judicium
346 997 468 1055 habetis.
510 997 569 1055 Sed
584 996 642 1054 siut
657 996 712 1055 ista
721 997 895 1074 pulchriora,
909 998 1017 1058 dum-5

182 1105 259 1155 taxat
271 1105 414 1172 aspectu:
437 1094 513 1170 quod
527 1094 599 1151 mihi
614 1104 711 1152 tamen
733 1095 826 1171 ipsum
840 1114 899 1152 non
913 1095 989 1152 vide·

182 1203 243 1251 tur:
272 1193 344 1269 quid
373 1192 450 1250 enim
478 1191 628 1268 pulchrius
654 1211 689 1251 ea
715 1192 816 1269 figura,
838 1210 901 1268 quae
928 1193 988 1249 sola

181 1309 280 1349 omnes
294 1289 368 1347 alias
383 1289 488 1365 figuras
503 1289 653 1364 complexa
667 1290 805 1360 continet,
816 1309 936 1364 quaque
946 1290 988 1346 ni-

182 1386 221 1445 hil
236 1385 403 1462 asperitatis
416 1384 531 1456 habere,
543 1384 616 1442 nihil
627 1385 793 1443 offensionis
803 1396 906 1460 potest,
916 1385 987 1442 nihil

181 1482 308 1543 incisum
325 1482 450 1560 angulis,
465 1483 536 1540 nihil
553 1481 739 1579 anstanhhns,
754 1482 826 1539 nihil
848 1482 988 1554 eminens,
1003 1493 1034 1542 10

181 1581 252 1638 nihil
267 1580 462 1637 lacunosuml
484 1598 610 1654 cumque
624 1579 688 1644 duae
704 1579 801 1636 sormae
821 1590 990 1653 praestantes

180 1677 247 1750 sint,
271 1695 309 1734 ex
329 1675 431 1734 solidis
451 1676 563 1752 globus,
580 1673 637 1750 (sic
658 1676 736 1733 enim
758 1684 884 1747 σφαῖραν
905 1675 991 1732 inter·

180 1774 286 1851 pretori
299 1773 412 1852 placet)
420 1793 427 1843 ;
442 1791 477 1831 ex
487 1773 581 1849 planis
593 1783 688 1829 autern
701 1772 827 1829 circulus
839 1782 887 1828 aut
901 1772 989 1846 orbis,

183 1872 233 1948 qai
249 1870 349 1932 κύκλος
364 1869 469 1928 Graece
482 1870 606 1938 dicitur;
629 1868 673 1926 his
688 1869 799 1926 duabus
810 1869 909 1927 formis
922 1889 990 1928 con·

180 1967 266 2046 tingit
280 1967 362 2038 solis,
378 1976 409 2024 ut
429 1985 529 2024 omnes
550 1984 650 2024 earum
670 1977 767 2042 partes
786 1965 844 2022 sint
865 1966 938 2026 inter
958 1988 990 2026 se
1003 1982 1035 2030 15

180 2064 350 2134 sImillimae,
373 2081 390 2120 a
410 2064 565 2139 medioque
586 2072 697 2121 tantum
718 2063 792 2121 absit
819 2075 988 2138 extremum,

181 2173 322 2238 quantum
339 2159 422 2217 idem
445 2180 461 2218 a
481 2178 614 2219 summo:
642 2180 700 2235 quo
720 2161 792 2219 nihil
814 2161 875 2220 fieri
895 2174 990 2239 potest

144 2275 148 2279 ’
182 2259 285 2336 aptius.
328 2257 389 2315 Sed
409 2257 433 2314 si
455 2258 517 2315 haec
537 2276 596 2315 non
617 2257 729 2328 videtis,
751 2257 819 2332 quia
842 2278 989 2335 nunquam

182 2356 328 2414 cruditum
352 2353 433 2410 illum
454 2355 599 2430 pulverem
622 2354 773 2430 attigistis3
794 2373 833 2412 ne
854 2356 910 2412 hoc
930 2356 991 2429 qui-

182 2451 246 2510 dem
257 2449 373 2527 physici
387 2449 548 2527 intelligere
559 2449 701 2525 potuistis,
712 2450 787 2507 hanc
799 2451 989 2526 equalitatem
1003 2469 1035 2518 ρο

182 2558 278 2606 motus
292 2546 543 2621 constantiamque
556 2545 689 2604 ordinum
705 2547 735 2604 in
750 2547 806 2627 alia
819 2548 911 2625 figura
932 2565 990 2604 nou

182 2646 312 2721 potuisse
326 2630 456 2701 servarit
496 2642 598 2718 Itaque
613 2644 684 2702 nihil
698 2655 793 2720 potest
807 2660 870 2702 esse
891 2643 990 2700 indoc-

183 2742 249 2815 tIus,
272 2759 359 2817 quam
385 2739 461 2816 quod
491 2760 506 2798 a
533 2741 614 2799 vobis
642 2742 774 2799 affirmari
802 2741 882 2799 solet.
923 2739 990 2798 Nec

140 2852 142 2857 '
183 2839 261 2897 enirn
283 2836 364 2894 hunc
385 2836 478 2913 ipsum
500 2837 640 2894 mundum
661 2857 713 2914 pro
734 2849 814 2895 certo
835 2837 989 2894 rotundum

184 2953 247 2995 csse
268 2934 383 3004 dicitis3
405 2953 473 2991 narn
494 2953 578 3011 posse
599 2935 671 3007 fieri,
694 2948 726 2992 ut
747 2936 784 2992 sit
806 2934 860 2991 alia
881 2934 988 3010 figura;
1003 2944 1035 2993 25

187 3033 467 3108 innumerabilesque
481 3034 612 3105 mundos,
629 3035 699 3092 alios
714 3034 833 3092 aliarum
853 3051 917 3092 esse
937 3033 992 3090 sor·

186 3151 306 3191 marum.
347 3129 436 3202 Qua,
451 3130 475 3187 si
490 3131 535 3187 bis
549 3131 618 3188 bina
632 3141 702 3206 quot
722 3141 828 3202 essent,
842 3130 992 3191 didicisset

186 3229 339 3306 Epicurus,
362 3237 442 3286 certe
468 3245 530 3288 non
557 3227 682 3290 diceret.
720 3226 788 3287 seu
805 3227 881 3285 hum
893 3226 1013 3303 puato,
