2409 3859
227 456 267 520 82
496 475 539 521 na:
557 473 692 522 nauum
710 472 855 521 nuouun.

271 641 337 680 uem
349 625 487 682 muudum
500 624 699 701 pertinentem.
740 625 839 699 Atque
849 622 879 681 id
891 622 1004 682 facilius
1013 638 1068 680 cer·

272 739 383 794 nemus,
393 732 453 780 toto
467 740 572 799 genere
588 722 644 778 hoc
658 721 753 798 igneo,
768 721 845 796 quod
858 729 954 778 tranat
965 719 1067 790 omnia,

272 819 406 877 subtilius
426 820 577 895 explicato.
619 818 729 876 Omnes
750 817 838 895 igitur
857 827 954 894 partes
975 813 1067 874 muudi

273 914 405 993 (tangam
421 927 515 973 autern
524 916 675 996 maximas)
688 915 785 973 calore
796 915 874 972 fultae
883 914 1067 1005 sustinentuq

242 1013 351 1088 bquod
376 1014 502 1089 primurn
522 1013 551 1070 iu
572 1024 686 1071 terrena
705 1022 808 1069 natura
827 1011 953 1088 perspici
971 1018 1068 1087 potent

273 1109 303 1167 N
306 1129 351 1167 arn
365 1120 394 1167 et
407 1110 534 1185 lapidum
549 1110 687 1167 conflictu
703 1120 787 1184 atque
800 1108 869 1167 tritu
889 1108 958 1167 elici
978 1108 1070 1186 iguem

273 1207 419 1277 videmus3
441 1217 470 1264 et
483 1207 593 1265 receuti
608 1208 733 1265 fossione
1079 1195 1084 1203 ¹

399 1402 416 1428 “
424 1426 519 1438 -
526 1404 619 1448 terram
629 1399 726 1447 fumare
737 1399 861 1447 calentem
870 1413 877 1458 ;
886 1399 902 1418 '’

275 1606 359 1672 atque
379 1596 465 1655 etiam
493 1617 529 1656 ex
554 1598 651 1673 puteis
675 1597 793 1674 jugibus
821 1615 924 1671 aquam
952 1596 1071 1655 calidam

230 1702 261 1754 to
274 1696 357 1767 trahi,
369 1707 398 1753 et
412 1695 440 1753 id
456 1695 578 1753 maxime
592 1695 652 1753 fieri
663 1694 840 1770 temporibus
850 1693 989 1763 hibernis,
998 1690 1071 1770 quud

274 1811 379 1869 magua
405 1793 447 1850 ris
475 1793 579 1850 caloris
607 1802 690 1850 terrae
717 1791 898 1848 contineatur
926 1791 1071 1862 caveruia;

273 1908 365 1964 eaque
392 1890 487 1948 hieme
506 1891 551 1947 ›sit
577 1889 709 1959 deusi0r3
739 1889 776 1945 ob
804 1906 926 1962 eamque
946 1906 1072 1956 causatu,

274 1987 399 2044 calorem
420 1988 538 2044 insitum
559 1988 589 2045 in
609 1986 693 2044 terris
713 1986 860 2043 contineat
880 1986 996 2045 arctius.

314 2161 352 2220 X.
381 2161 483 2239 Longa
502 2173 546 2220 est
565 2162 668 2232 oratio,
684 2163 837 2238 multaeque
857 2163 994 2234 rationes,
1015 2161 1075 2239 qui·

229 2266 260 2316 15
275 2260 328 2317 bus
354 2258 452 2316 doceri
485 2259 574 2335 possit
608 2259 705 2317 omnia
736 2279 800 2335 qum
828 2270 904 2317 terra
930 2260 1075 2337 concipiat

273 2357 393 2429 semina,
421 2376 541 2434 quaeque
568 2356 631 2434 ipsa
656 2375 692 2414 ex
718 2376 750 2415 se
776 2369 912 2434 generata
939 2358 1075 2435 stirpibus

274 2455 360 2514 infixa
381 2455 536 2526 contineat,
551 2474 586 2513 ea
606 2454 812 2530 temperatione
833 2454 938 2513 caloris
958 2465 988 2514 et
1008 2452 1075 2515 orici

273 2565 302 2613 et
317 2573 479 2632 augescere.
521 2556 620 2630 Atque
634 2573 713 2629 aquae
728 2554 814 2612 etiam
836 2553 993 2612 admixtum
1015 2571 1076 2614 esce

274 2653 409 2723 calorem,
424 2651 548 2727 primum
563 2652 624 2728 ipse
643 2651 748 2726 liquor,
763 2662 823 2708 tum
846 2669 926 2725 aquae
948 2652 1076 2710 declarat

229 2765 261 2817 20
274 2750 391 2808 effusio:
412 2768 475 2824 qurc
489 2768 582 2825 neque
597 2749 790 2825 conglaciaret
804 2748 969 2825 frigoribus,
983 2766 1076 2826 uequc

273 2849 339 2906 nive
353 2847 512 2924 pruinaque
523 2857 734 2914 concresceret,
745 2846 802 2904 uisi
813 2846 913 2904 eadem
927 2866 959 2905 se
972 2847 1077 2906 admix-

274 2956 305 3004 to
319 2945 414 3003 calore
434 2944 589 3019 liquefacta
612 2957 641 3002 et
665 2944 774 3019 dilapsa
799 2944 980 3003 diffunderet.
1023 2945 1076 3003 ltc-

275 3062 331 3118 que
345 3053 373 3100 et
388 3041 572 3117 aquilonibus
586 3041 760 3116 reliquisque
775 3040 929 3117 frigoribus
949 3040 1076 3100 durescit

275 3139 387 3212 humor,
410 3148 439 3197 et
465 3138 540 3196 idem
569 3137 695 3195 vicissim
723 3138 848 3196 mollitur
869 3137 1030 3213 tepefactus
1048 3147 1076 3198 et

216 3238 254 3290 25
265 3237 396 3299 tabescit
408 3235 517 3299 calore
561 3235 660 3314 Atque
668 3234 759 3294 eitam
764 3234 858 3293 maria
866 3233 976 3307 uqitata
986 3234 1076 3295 reut‘n
