2409 3859
385 710 424 762 Μ.
446 710 569 762 TULLII
591 713 786 764 CICERONIS

278 924 353 991 DE
390 925 608 993 NATURA
645 929 884 1011 DEORUM,

565 1107 602 1142 n>

377 1244 568 1295 MARCUM
594 1245 792 1311 BRUTUM‚

462 1421 560 1469 LIBER
578 1422 709 1471 PRIMUS.

490 1625 681 1637 n———rn

217 1788 243 1847 Ι.
272 1787 346 1846 Onu
367 1785 465 1845 multe
485 1805 530 1846 res
551 1788 581 1846 in
600 1785 784 1865 philosophia
802 1807 981 1866 nequaquam

178 1887 249 1945 sutis
283 1885 381 1944 adhuc
413 1884 561 1960 explicato
594 1885 662 1959 sint,
696 1896 759 1944 tum
794 1887 981 1963 perdifficilis,

158 1983 280 2056 'Brute‚
295 1981 388 2060 (quod
408 1991 441 2040 tu
460 1981 578 2040 minime
598 1982 739 2062 ignomin)
760 1994 789 2042 et
808 1985 981 2060 perobscura

179 2079 300 2156 quaectio
315 2088 359 2136 est
373 2077 410 2136 de
422 2090 525 2136 nutura
537 2077 666 2137 Deorum
674 2099 682 2149 ;
703 2098 767 2154 quae
781 2080 859 2139 etad
880 2080 982 2158 agniti·

179 2195 265 2235 onem
280 2174 371 2243 animi
391 2174 585 2251 pulcherrima
605 2185 657 2248 est,
671 2187 701 2234 et
721 2175 755 2233 ad
778 2160 1009 2236 moderandamo

180 2277 350 2355 religionem
371 2274 540 2335 necessaria.
582 2274 628 2334 De
654 2286 789 2352 qua,tam
808 2276 893 2335 variae
914 2288 981 2335 sunt

180 2373 414 2431 doctissimorum
448 2371 596 2430 hominum
629 2382 746 2448 tamque
784 2373 980 2447 discrepantes

179 2469 341 2541 sententiae,
369 2479 402 2525 ut
434 2486 539 2545 magno
573 2478 742 2546 argumento
775 2487 838 2527 csse
866 2468 978 2541 debeat,

179 2585 307 2638 causam,
336 2564 364 2621 id
398 2575 451 2638 est,
478 2564 654 2641 principium
687 2565 884 2642 philosophiae,
915 2585 978 2625 esse

180 2661 373 2733 inscientiam,
394 2661 606 2738 prudenterque
627 2661 822 2721 Academicos
849 2683 866 2720 a
892 2664 978 2722 rebus
991 2668 1021 2717 lu

181 2758 298 2818 incertis
313 2759 504 2817 assensionem
520 2758 692 2818 cohibuisse.
733 2758 816 2821 Quid
837 2770 880 2818 est
900 2762 977 2820 euim

180 2856 341 2914 temeritate
367 2855 497 2931 turpiusi
529 2865 578 2913 aut
604 2855 673 2930 quid
700 2867 758 2915 tam
784 2857 976 2931 temerarium,

180 2961 294 3029 tamque
314 2951 464 3029 iudignum
485 2950 625 3028 sapientis
644 2952 783 3030 gravitate
804 2963 889 3028 atque
910 2973 977 3012 con·

181 3049 295 3122 utentia,
316 3067 400 3124 quum
423 3060 471 3108 eut
491 3048 592 3107 sulcum
613 3049 730 3122 sentire,
745 3059 803 3118 ant,
818 3051 895 3126 quod
916 3070 974 3108 non

181 3145 249 3204 σιὼ
272 3144 427 3224 Q
443 3154 617 3228 perceptum
634 3144 675 3208 cit
691 3155 724 3207 et
740 3145 909 3226 munuum,
919 3146 1029 3202 innexu
