2409 3859
181 677 217 753 18
444 684 487 730 nn
506 685 641 732 uarum
659 668 804 733 nunaunt.

262 832 317 893 IX.
352 834 402 891 Ab
422 845 662 913 utroquexautem
688 826 830 906 sein'nitor,
852 832 1026 893 entmundi

224 931 411 991 aedificatores
424 943 540 1008 repente
554 931 701 990 extiterint
709 907 957 1011 {fiinumerabilin
977 950 1027 989 ω·

224 1029 291 1087 carle
311 1029 487 1119 dqqmieqiut.
528 1028 598 1087 Non
625 1028 753 1107 enim‚si
781 1029 905 1086 mundns
931 1028 1028 1086 nullus

225 1108 296 1200 eralss
311 1118 417 1185 eaenula
430 1144 489 1184 uon
510 1136 599 1185 erant.
642 1126 757 1184 Saeeula
776 1125 957 1223 nuqqqdino,¹
968 1142 1025 1183 non

195 1238 271 1296 aea,
286 1243 349 1300 quae
369 1223 481 1282 dierum
501 1223 688 1300 noctiumque
701 1222 952 1291 numero..annuis
966 1240 1029 1279 nur·

226 1322 315 1393 sibus,
337 1320 548 1379 conficiuntur:
584 1338 652 1379 nam
681 1320 770 1379 fateor
789 1339 826 1379 ea
843 1321 909 1378 eina
930 1319 1029 1377 mundi

225 1418 414 1477 conversione
433 1417 508 1476 effici
529 1437 587 1476 non
608 1418 742 1493 potuisse.
763 1417 822 1477 Sed
833 1417 887 1477 fnit
900 1417 1030 1492 quaedam

227 1515 264 1575 ab
278 1515 391 1574 infinito
404 1525 532 1591 tempore
545 1515 699 1588 aetemitas,
714 1534 800 1590 quam
813 1515 898 1572 nulla
907 1515 1031 1584 niromn·

227 1611 346 1688 aeriptio
378 1622 539 1687 temporum
573 1610 762 1683 metiebatur3
797 1612 890 1688 spatio
922 1623 1030 1681 tamen,

185 1720 215 1772 10
228 1709 321 1784 qualis
334 1705 478 1781 maluerit,
493 1709 615 1786 intelligi
627 1720 738 1785 potest3
759 1709 835 1785 quod
851 1708 931 1789 nqin
952 1707 1031 1783 eogi-

228 1805 495 1881 tationemquidem
509 1806 597 1875 eadit,
613 1817 645 1864 ut
665 1805 751 1864 fuerit
770 1816 883 1882 tempus
904 1804 1029 1880 aliquod,

130 1916 148 1953 ’-
228 1902 341 1961 nullum
373 1920 440 1961 enm
472 1913 586 1980 tempus
618 1909 716 1962 esset(
756 1902 815 1961 Isto
849 1902 936 1980 igitur
972 1913 1031 1959 tam

230 2000 372 2059 immenso
384 2000 487 2077 spatio,
501 2018 609 2076 quero,
623 2000 723 2071 Balbe,
737 2018 789 2057 eur
803 1999 926 2057 Pronoea
938 2010 1032 2056 vestra

231 2098 393 2155 cessaverit
435 2096 616 2156 Laboremne
643 2095 792 2172 fugiebatl
833 2094 875 2151 At
901 2095 955 2152 iste
975 2112 1031 2152 nen

187 2209 218 2258 15
233 2193 346 2271 attingit
364 2194 469 2266 Deum,
484 2212 540 2252 nee
553 2203 615 2251 erat
628 2192 712 2262 ullae,
727 2209 794 2248 eum
808 2208 909 2248 omnes
922 2202 1032 2249 naturae

231 2290 344 2349 numini
363 2291 477 2369 diving]
491 2290 605 2361 nalum,
626 2288 717 2365 ignee,
730 2298 824 2358 terma,
838 2287 1025 2364 mariamque

232 2398 303 2445 rent
343 2387 426 2451 Quid
441 2399 535 2445 autem
550 2401 621 2458 erat,
632 2385 708 2461 quod
719 2384 938 2460 concupisceret
950 2384 1032 2444 Deua

232 2484 372 2543 mundum
398 2485 490 2571 gignis
515 2494 545 2542 et
570 2482 737 2554 luminibus,
758 2493 902 2557 tamquam
930 2483 1032 2554 aedilis,

233 2583 358 2641 ornarel
398 2582 432 2640 Si
451 2592 484 2640 ut
497 2580 579 2639 Deus
593 2580 654 2656 ipae
668 2579 770 2638 melius
783 2578 944 2651 habitaret3
967 2591 1048 2638 ante·

189 2697 221 2748 20
234 2680 368 2740 videlieet
380 2690 508 2755 tempore
523 2677 635 2737 infinito
649 2676 828 2748 intenebris,
842 2687 988 2752 tamquam
1003 2678 1031 2734 in

201 2778 394 2879 'gurganum
421 2776 606 2834 habitaverat
647 2775 717 2833 Post
743 2784 838 2832 autem
858 2775 1034 2834 varietatene

234 2894 301 2935 eum
331 2872 473 2932 *delectari
506 2874 650 2949 putamus,
677 2873 736 2947 qua
760 2870 862 2929 eaelum
889 2880 919 2929 et
945 2883 1035 2930 terrae

161 3029 166 3037 ,
236 2982 386 3029 exornatas
398 2970 552 3027 videmual
586 2969 671 3047 ‘Quae
685 2969 739 3053 ista
752 2978 845 3044 potest
858 2987 921 3026 esse
941 2969 1035 3026 oblen-

130 3058 159 3117 -5
235 3067 307 3126 tatio
332 3068 417 3126 Deol
437 3085 501 3143 que
521 3065 547 3123 ei
566 3077 652 3138 esset,
672 3084 731 3124 non
751 3060 790 3125 ea
805 3066 915 3123 tamdiu
937 3083 1035 3122 carere

191 3182 223 3233 α,
236 3164 383 3241 potuisset.
438 3164 487 3222 An
513 3163 586 3235 hren,
614 3163 675 3221 fere
701 3173 733 3222 ut
759 3162 865 3232 diuitis,
886 3160 1035 3218 hominum

237 3238 325 3319 causi
351 3280 368 3319 a
392 3259 458 3319 Deo
485 3260 644 3319 constituta
669 3260 759 3319 eunti
807 3258 1036 3334 Sapientumne'

232 3368 352 3434 propter
383 3374 494 3436 paneae
526 3356 627 3436 igitur·
648 3366 693 3417 eet
725 3365 805 3415 tanta
837 3355 914 3415 saeta
938 3372 1035 3414 rerum
