2409 3859
192 441 233 503 36
459 454 502 501 nn
514 452 657 515 'urruns
674 455 820 503 nnonuru.

236 605 301 664 bam
316 607 490 684 frequenter,
505 618 534 667 et
547 607 685 684 quidem
678 627 740 684 ipso
760 618 878 667 auctore
899 607 1042 669 Philone:

235 705 333 778 credo,
349 716 379 764 ut
393 706 506 764 facilius
522 705 694 780 judicarem,
708 724 794 781 quam
808 705 857 763 illa
871 706 947 765 benc
961 706 1042 767 telel-

233 804 370 876 lerentur,
383 823 449 862 cum
461 823 478 861 a
489 804 622 881 principe
635 803 847 881 Epicureorum
862 806 1042 881 accepissem

234 902 477 977 quemadmodum
503 901 678 960 dicerentur.
719 899 789 958 Non
816 900 906 978 igitur
927 902 990 977 illc,
1010 914 1067 963 trt-

203 1011 221 1059 5
233 999 373 1075 plerique,
393 999 443 1057 sed
464 998 630 1071 istomodo,
645 1002 677 1056 nt
689 1008 731 1070 tu,
747 997 893 1069 distincte,
904 1001 1041 1076 graviter,

233 1108 342 1155 ornate.
384 1095 442 1155 Sed
467 1096 544 1172 quod
564 1095 594 1154 in
615 1095 666 1153 illo
685 1094 757 1152 mihi
778 1114 833 1152 usu
852 1113 930 1171 sepe
950 1098 1040 1170 venit,

234 1195 309 1252 idem
324 1195 420 1267 modo,
432 1214 498 1252 cum
513 1204 542 1253 te
557 1193 695 1265 audirem,
705 1191 859 1265 acciderat,
871 1202 904 1250 ut
917 1188 1042 1261 moleste

233 1291 346 1364 serrem,
362 1304 473 1351 tantum
487 1291 635 1370 ingenium
651 1289 740 1368 (bona
755 1289 839 1348 venia
852 1309 899 1347 rne
920 1292 1039 1374 audien)

233 1390 262 1447 in
277 1401 335 1448 tam
350 1391 435 1462 leves,
450 1408 487 1447 ne
514 1390 609 1447 dicam
623 1389 653 1446 in
668 1398 727 1446 tam
741 1386 862 1466 ineptas,
876 1389 1040 1449 sententias

138 1492 155 1525 ι’
191 1496 219 1547 ιο
234 1490 377 1548 incidisse.
419 1488 485 1546 Nec
513 1507 567 1566 ego
595 1506 674 1545 nunc
701 1487 763 1563 ipse
789 1486 897 1562 aliquid
918 1487 1038 1547 afferam

231 1589 350 1646 melius:
367 1597 397 1645 ut
410 1586 488 1643 enirn
502 1586 589 1643 modo
600 1586 669 1654 dixi,
682 1584 816 1643 omnibus
827 1584 886 1642 fere
896 1584 927 1641 in
938 1586 1037 1663 rebus,

231 1696 260 1743 et
280 1684 407 1743 maxima
421 1683 450 1741 in
464 1683 601 1759 physicis,
616 1681 686 1757 quid
699 1700 759 1738 non
772 1681 820 1754 sit,
835 1680 932 1754 citius,
946 1701 1038 1759 quarn

231 1781 298 1856 quid
314 1782 360 1852 sit,
375 1781 504 1838 dixerim.

268 1970 369 2027 XXII.
399 1970 499 2044 Roges
519 1984 575 2034 me,
597 1964 676 2038 quid,
699 1978 747 2024 aut
767 1973 853 2045 quale
877 1973 914 2030 ιιι
933 1974 1034 2034 Deua:

187 2075 345 2128 15auctore
366 2076 428 2121 utar
450 2061 608 2134 Simonide,
634 2059 669 2119 de
695 2084 753 2139 quo
774 2088 841 2126 cum
856 2071 1035 2145 quaesivisser

228 2163 283 2219 hoc
304 2161 380 2218 idem
402 2172 538 2234 tyrannus
560 2159 662 2229 Hiero,
678 2163 856 2225 deliberandi
870 2168 925 2225 sibi
940 2188 1034 2228 unum

228 2260 303 2316 diem
317 2256 486 2332 postulavit:
508 2256 666 2316 cumidem
687 2280 722 2318 ex
742 2281 777 2318 eo
796 2265 935 2339 postridie
955 2286 1033 2342 quar-

227 2365 311 2424 reret‚
328 2354 445 2410 biduum
459 2353 575 2428 petivit:
597 2373 664 2412 cum
683 2359 786 2434 srapius
800 2361 960 2437 duplicaret
980 2384 1032 2422 nu·

228 2470 337 2509 merum
352 2450 473 2521 dierum,
483 2450 683 2528 admiransque
694 2455 786 2514 Hiero
801 2459 967 2533 requireret,
977 2480 1031 2519 cur

184 2566 214 2614 20
228 2550 268 2606 ita
282 2549 405 2604 laceret:
426 2547 516 2618 Quia,
532 2561 648 2623 quanto,
664 2553 766 2628 inquit,
776 2555 884 2612 diutius
897 2558 1029 2617 conside·

227 2664 269 2715 ro,
279 2655 358 2700 tanto
373 2645 443 2701 mihi
458 2664 503 2702 res
514 2646 625 2705 videtur
637 2651 794 2710 obscurior.
831 2654 889 2711 Sed
903 2653 1030 2727 Simoni-

227 2742 292 2799 dem
308 2742 428 2798 arbitror
440 2742 510 2819 (non
526 2745 603 2803 enim
617 2758 701 2822 poeta
712 2749 804 2807 solum
812 2750 916 2822 suavia,
928 2771 1027 2810 verum

227 2839 313 2895 etiarn
328 2851 425 2898 cetera
445 2861 558 2917 quoque
579 2844 681 2902 doctus
702 2847 871 2922 sapiensque
890 2849 1027 2931 traditur)

227 2936 294 3010 quia
327 2937 416 2994 multa
449 2940 579 2998 venirent
613 2942 643 2999 in
677 2954 801 3001 mentem
830 2956 915 3002 acuta
942 2957 1028 3022 atque

181 3037 214 3086 25
227 3033 352 3106 subtilia,
364 3034 552 3109 dubitantem,
562 3039 630 3113 quid
639 3059 738 3097 eorum
749 3053 824 3099 esset
836 3042 1027 3116 verissimum,

140 3132 166 3211 pl
227 3129 392 3206 desperasse
412 3151 527 3191 omnem
548 3136 704 3194 veritatem.
746 3138 890 3213 Epicurus
904 3158 971 3197 vero
984 3150 1028 3197 tu·

220 3247 256 3289 trs
276 3227 359 3311 (nant
382 3250 450 3292 cum
472 3232 523 3294 illo
544 3233 621 3294 malo
642 3234 795 3306 disserere,
811 3255 898 3309 uuam
914 3239 1029 3313 tecuml
