2409 3859
473 382 571 431 nraaa
589 383 622 429 u.
641 383 664 432 a.
976 375 1015 437 81

170 549 276 608 casque
293 530 451 610 judicetur,
466 552 531 593 cum
551 552 589 593 ex
609 552 641 593 se
659 545 792 612 procreet
813 535 972 594 animantes

171 641 252 707 atque
265 630 456 707 sapientesl'’
521 625 526 648 '

170 890 178 913 .
205 825 260 885 IX.
290 825 352 884 Sed
365 826 501 901 quoniam
517 827 591 904 coepi
606 847 691 885 secus
706 846 799 905 agere,
816 839 900 903 atque
920 828 973 886 ini·

168 923 207 980 tio
220 923 369 980 dixeram:
392 922 541 1000 (negaram
552 925 631 982 enim
643 924 718 981 hauc
728 926 848 1000 primam
863 938 972 1000 partem

167 1039 252 1098 egere
272 1020 415 1093 oratione,
430 1020 506 1096 quod
527 1031 603 1079 esset
624 1021 758 1079 omnibus
777 1023 1001 1098 perspicuum,5

168 1116 244 1176 Deos
259 1121 356 1195 esse:)
383 1126 477 1176 tamen
499 1118 527 1175 id
551 1119 645 1194 ipsum
666 1119 826 1177 rationibus
845 1118 972 1195 physicis

167 1214 338 1274 confirmare
351 1215 425 1273 volo.
467 1216 518 1273 Sic
531 1217 610 1274 enirn
621 1234 667 1273 res
678 1235 708 1273 se
720 1216 814 1288 habet,
824 1231 855 1274 ut
865 1218 971 1290 omnia,

167 1331 228 1389 qnae
243 1314 357 1370 alantur
371 1321 400 1370 et
413 1311 554 1385 crescant,
567 1313 735 1370 contineant
749 1314 777 1371 in
799 1332 830 1372 se
850 1315 907 1371 vim
928 1335 974 1372 ca·

167 1408 251 1481 loris;
273 1410 339 1467 sine
353 1428 410 1485 qua
429 1428 523 1484 neque
538 1410 574 1467 ali
595 1421 711 1485 possent
726 1429 819 1486 neque
833 1430 971 1469 crescere.

167 1504 243 1564 Nam
264 1506 363 1577 omne,
378 1506 455 1581 qnod
476 1517 519 1564 est
540 1507 668 1564 calidum
688 1516 717 1564 et
737 1507 865 1583 igneum,
880 1508 972 1564 cietur
986 1516 1017 1566 10

167 1615 195 1662 et
209 1603 304 1682 agitur
320 1615 400 1661 motu
414 1623 484 1661 suo:
506 1604 583 1680 quod
599 1615 693 1661 autem
709 1604 793 1661 alitur
807 1614 836 1660 et
856 1604 972 1676 crescit,

167 1712 244 1760 motu
259 1701 386 1778 quodam
401 1701 490 1759 utitur
504 1712 585 1759 certo
600 1712 628 1758 et
640 1700 789 1776 oeqnabili3
811 1701 861 1775 qui
875 1720 973 1776 quam-

167 1799 214 1858 din
241 1810 374 1858 remanet
401 1799 430 1856 in
459 1799 552 1872 nobis,
580 1798 690 1856 tamdiu
718 1816 820 1856 sensus
853 1810 882 1856 et
914 1799 973 1858 vita

168 1906 315 1954 remanet:
343 1895 512 1974 refrigerato
541 1907 636 1954 autern
665 1907 694 1954 et
714 1896 856 1955 exstincto
876 1897 972 1956 calore

144 1994 330 2057 ,occidimus
358 1993 412 2069 ipsi
434 2004 461 2052 et
483 1994 701 2071 exstinguimur.
742 1993 833 2055 Quod
855 1996 971 2071 quidem
985 2008 1016 2057 15

167 2090 324 2149 Cleanthes
338 2091 383 2147 his
397 2092 483 2149 etiam
499 2091 677 2168 argumentis
690 2092 786 2162 docet,
801 2108 908 2168 quanta
928 2094 971 2151 vis

167 2186 234 2245 insit
248 2187 356 2246 caloris
370 2187 400 2244 iu
414 2187 494 2245 omni
514 2206 653 2263 corpore:
675 2198 761 2264 negat
781 2189 859 2246 enim
880 2190 971 2247 ullum

167 2302 228 2344 esse
242 2285 342 2343 cibum
357 2294 416 2341 tam
430 2304 555 2361 gravem,
571 2284 640 2359 quin
655 2284 679 2341 is
693 2296 780 2342 nocte
792 2296 822 2342 et
835 2286 883 2343 die
903 2305 971 2343 con·

167 2392 323 2458 coquatur;
346 2381 428 2457 cujus
442 2383 527 2439 etiarn
543 2381 573 2438 in
587 2381 717 2457 reliquiis
731 2381 805 2439 inest
825 2383 903 2440 calor
925 2383 969 2454 iis,

166 2496 236 2554 quas
249 2490 355 2536 natura
369 2478 516 2553 respuerit.
559 2476 578 2534 J
581 2496 625 2533 am
641 2496 708 2535 vero
722 2496 801 2536 venae
815 2490 843 2537 et
859 2477 969 2535 arteriae
982 2485 1013 2535 20

167 2575 273 2633 micare
287 2594 346 2631 non
362 2574 506 2646 desinunt,
521 2572 603 2649 quasi
618 2574 742 2648 quodam
763 2573 850 2651 igneo
869 2583 967 2643 motu3

168 2672 454 2746 animadversumque
480 2689 555 2746 saepe
582 2681 635 2741 est,
656 2690 723 2728 cum
745 2690 795 2729 cor
817 2671 969 2729 animantis

167 2769 288 2846 alicujus
302 2769 431 2826 evulsum
446 2768 485 2826 ita
499 2767 643 2825 mobiliter
655 2768 816 2845 palpitaret,
832 2778 863 2824 ut
877 2767 969 2827 imita-

166 2878 243 2924 retur
255 2866 370 2943 igneam
383 2865 568 2923 celeritatem.
596 2864 692 2923 Omne
704 2864 791 2942 igitur
802 2863 878 2939 quod
888 2864 967 2938 vivit,

166 2963 224 3022 sive
240 2962 346 3020 animal
361 2962 421 3019 sive
434 2973 510 3019 terra
524 2960 643 3033 editum,
658 2962 688 3019 id
701 2961 770 3017 vivit
790 2970 905 3036 propter
926 2963 968 3019 in·
980 2968 1012 3018 25

166 3061 278 3119 clusum
290 3060 321 3117 in
332 3077 367 3116 eo
378 3059 511 3116 calorem.
546 3057 591 3115 Ex
601 3074 659 3133 quo
670 3056 791 3133 intelligi
800 3057 967 3127 debeteam

165 3155 270 3214 caloris
281 3163 414 3211 naturam
431 3154 489 3214 rim
506 3153 615 3214 habere
628 3154 663 3215 iu
675 3172 710 3214 se
720 3151 844 3211 sitalem
853 3169 908 3232 per
922 3172 987 3210 um-
