2409 3859
191 438 237 499 st
463 453 504 498 ou
523 452 657 500 nurum
676 452 819 500 osonum.

167 594 226 659 33
242 619 278 659 ex
304 601 407 661 animia
426 613 547 662 conatur
566 602 761 680 cognitionem
781 603 918 662 Deorum.
960 593 1043 664 Aris·

243 699 344 756 toteles
358 718 471 774 quoque
482 699 607 757 intortio
621 700 657 757 de
669 700 937 776 philosophialibro
950 686 1042 760 multa
1080 722 1084 739 ¹

162 789 164 793 ’
242 796 347 866 turbat,
363 814 379 852 a
392 796 529 872 magistro
542 795 662 854 Platone
675 815 733 855 non
748 796 934 875 dissentiensi
955 798 1043 856 modo
1062 796 1064 802 ’

243 891 321 953 enim
348 892 437 953 menti
465 892 565 949 tribuit
591 911 705 950 omnem
732 893 926 954 divinitatem:
954 895 1043 953 modo

214 1003 230 1051 5
245 989 383 1046 mundum
397 989 488 1064 ipsum
504 989 598 1047 Deum
614 990 685 1047 dicit
698 1008 777 1048 esse:
799 990 884 1047 modo
898 991 1041 1065 quendam

176 1087 180 1093 '
245 1085 332 1142 alium
346 1069 595 1160 praeficit-muodo,
611 1087 695 1162 eique
708 1105 759 1144 css
770 1097 865 1162 partes
885 1088 994 1160 tribuit,
1009 1100 1042 1148 ut

245 1181 431 1256 replicatione
458 1182 579 1257 quadum
608 1184 706 1239 mundi
727 1174 834 1240 motum
855 1195 936 1261 regat
957 1196 1044 1261 atque

245 1289 374 1334 tueatur:
397 1289 457 1335 tum
471 1279 534 1342 caeli
549 1280 678 1336 ardorem
690 1279 785 1337 Deum
798 1280 869 1338 dicit
883 1300 961 1351 esse3
984 1300 1044 1340 non

246 1372 418 1449 intelligens,
433 1357 535 1433 caelum
557 1375 655 1433 mundi
676 1393 738 1432 esse
752 1387 871 1450 partem,
886 1395 971 1451 quem
986 1378 1051 1436 ulio·

203 1476 231 1525 10
245 1469 310 1527 loco
337 1471 397 1547 ipse
424 1472 579 1547 designarit
606 1471 709 1529 Deum.
763 1473 921 1534 Quomodo
948 1484 1044 1532 autem

246 1569 308 1624 celi
323 1569 437 1626 divinus
451 1569 498 1626 ille
512 1587 614 1626 sensus
628 1569 657 1626 in
672 1569 910 1628 celeritatetauta
929 1588 1045 1628 conser-

247 1665 305 1721 vari
318 1667 430 1740 potestl
452 1667 501 1723 ubi
516 1667 621 1725 deinde
634 1665 675 1723 illi
690 1677 731 1724 tot
751 1665 801 1737 Di,
816 1665 839 1723 si
861 1685 1045 1725 numeramus

247 1762 331 1819 etiam
353 1762 455 1820 caelnm
476 1762 594 1821 Deuml
636 1764 710 1820 Cum
733 1773 826 1821 nutem
848 1763 910 1820 sine
924 1756 1046 1839 corpore

248 1859 322 1916 idem
343 1860 401 1917 vult
422 1878 484 1918 esse
507 1860 614 1931 Deum,
638 1860 717 1917 omni
738 1860 816 1917 illum
838 1878 921 1917 sensu
943 1861 1044 1934 privat,

203 1963 233 2010 15
247 1955 334 2012 etiam
353 1956 512 2031 prudentia.
552 1956 624 2016 Quo
644 1975 728 2031 porro
749 1958 835 2014 modo
849 1958 973 2014 mundus
988 1976 1048 2014 mo·

248 2051 306 2108 veri
320 2062 413 2125 potest
427 2070 529 2108 carens
542 2070 679 2127 corpore3
702 2063 749 2110 out
771 2054 914 2128 quomodo
934 2072 1045 2130 semper

128 2135 174 2196 34
248 2167 279 2205 se
300 2167 415 2204 movens
440 2167 503 2205 esse
524 2149 637 2223 quietus
657 2160 685 2207 et
706 2151 805 2207 beatus
825 2153 939 2226 potestl
980 2150 1045 2208 Nec

249 2264 315 2302 vero
329 2246 390 2321 ejus
404 2245 619 2321 condiscipulus
633 2246 813 2305 Xenocrates
828 2247 855 2303 in
871 2247 926 2304 hoc
941 2265 1046 2324 genere

248 2342 431 2417 prudentior:
460 2342 489 2399 in
510 2343 592 2418 cujus
613 2343 702 2413 libris,
725 2344 860 2418 quisunt
880 2344 916 2400 de
945 2356 1047 2400 natura

204 2449 235 2498 20
250 2439 388 2509 Deorum,
410 2439 489 2496 nullo
509 2439 620 2515 species
642 2440 738 2497 divina
758 2440 945 2497 describitur:
967 2439 1047 2497 Deos

250 2537 325 2593 enim
341 2547 408 2592 octo
421 2554 484 2593 esse
504 2536 594 2592 dicit:
617 2536 742 2610 quinque
763 2555 822 2607 eos,
838 2537 884 2610 qui
908 2537 936 2593 in
958 2536 1047 2592 stellis

250 2632 329 2708 vagis
349 2633 549 2689 nominantur:
572 2651 671 2702 unum,
687 2633 735 2707 qui
751 2652 787 2689 ex
802 2633 935 2689 omnibus
949 2633 1047 2690 sideri·

250 2731 313 2799 bus,
341 2750 404 2804 quae
432 2729 517 2786 infixa
544 2729 615 2785 caelo
642 2740 717 2798 sunt,
745 2749 779 2786 ex
807 2729 940 2806 dispersis
967 2729 1047 2804 quasi

250 2827 384 2884 membris
404 2825 523 2901 simplex
543 2826 580 2882 sit
599 2826 742 2900 putandus
763 2826 856 2882 Deus:
884 2826 1046 2900 septimum,

206 2932 237 2979 25
251 2923 513 2999 Solemadjungit:
542 2934 742 2998 octavumque,
764 2923 892 2980 Lunam:
921 2922 970 2996 qni
991 2941 1046 2996 quo

249 3039 335 3078 sensu
350 3020 426 3078 beati
441 3021 503 3077 esse'
516 3020 637 3094 possint,
653 3020 774 3096 intelligi
788 3039 845 3076 non
860 3029 961 3094 potest.
1004 3019 1049 3076 Ex

250 3118 350 3177 eadem
365 3118 492 3175 Platonis
506 3118 605 3175 schola
620 3100 758 3174 Ponticus
772 3117 943 3173 Heraclides
955 3116 1050 3192 pueri-

239 3215 321 3274 libus
334 3215 442 3275 fabulis
456 3215 570 3276 refersit
583 3214 693 3274 librosa
713 3224 854 3272 ettamen
863 3213 952 3268 ruodo
968 3231 1050 3267 mun-

190 1343 196 1369 l
