2409 3859
419 479 424 485 -
484 449 634 497 nunnuu.
653 449 689 496 aa.
929 471 935 477 ·
973 439 1031 501 1⁰3

181 606 304 660 tanam.
345 599 500 678 Euripides
514 611 608 658 autem
624 610 656 658 ut
669 600 758 657 multa
777 599 927 675 preclare,
942 596 986 657 sic

181 696 236 755 hoo
252 695 416 779 [breviter,]

181 844 280 894 “Vides
292 846 398 894 sublime
409 846 502 908 fusum,
514 847 704 895 immoderatum
715 845 818 908 othere,

202 926 255 986 Qui
266 933 358 975 terram
369 932 456 975 tenero
466 928 630 990 circumjectu
641 926 816 990 amplectitur:

200 1007 279 1056 Hunc
289 1022 418 1056 summum
429 1007 519 1056 habeto
529 1008 629 1057 divum:
648 1007 716 1056 hunc
727 1007 855 1071 perhibeto
866 1004 982 1055 Jovem.'’
994 1001 1012 1050 5

219 1185 335 1244 XXVI.
364 1185 427 1244 Aer
441 1197 546 1258 autem,
561 1197 593 1244 ut
613 1186 706 1244 Stoici
726 1186 882 1262 disputant,
897 1183 983 1242 inter·

184 1282 369 1359 iectus-inter
384 1301 461 1340 mare
474 1293 504 1340 et
517 1282 630 1350 celum,
645 1282 770 1340 Junonis
783 1281 901 1340 nomine
914 1299 983 1339 con·

180 1388 328 1437 secratur:
350 1398 414 1454 qua·
428 1389 471 1436 est
484 1398 565 1436 soror
584 1390 614 1436 et
634 1379 740 1455 conjux
758 1378 849 1450 Jovis,
864 1378 941 1453 quod
954 1377 982 1436 ei

180 1474 341 1555 similitudo
353 1485 398 1533 est
410 1476 524 1533 aetheris
537 1486 566 1533 et
579 1495 647 1532 cum
661 1494 697 1532 eo
711 1493 824 1533 summa
843 1475 982 1550 conjunc·

181 1571 231 1630 tio.
273 1572 484 1631 Effeminatum
499 1583 594 1631 autem
608 1591 674 1630 eum
689 1571 857 1646 Junonique
877 1571 1026 1633 tribue-10

182 1679 258 1741 runt,
272 1668 351 1744 qued
363 1667 435 1726 nihil
456 1681 500 1726 est
519 1688 555 1726 eo
569 1668 691 1726 mollius.
733 1668 793 1725 Sed
806 1667 952 1724 Juuonem
967 1684 983 1723 a

181 1763 314 1842 juvando
341 1765 428 1822 credo
454 1764 638 1823 nominatam.
679 1763 766 1838 Aqua
799 1763 921 1821 restabat
955 1773 984 1820 et

181 1872 267 1934 terra,
282 1872 315 1919 ut
328 1872 422 1920 essent
436 1880 471 1918 ex
486 1861 657 1920 sabulistria
676 1879 766 1937 regna
785 1859 884 1917 divisa.
926 1859 983 1918 Da·

182 1969 244 2017 tum
263 1968 309 2016 est
328 1957 416 2035 igitur
436 1957 584 2034 Neptuno,
607 1957 697 2015 altero
715 1956 806 2027 Jovis,
821 1966 854 2013 ut
873 1957 982 2029 volunt,

182 2054 273 2126 fratri,
307 2054 482 2112 maritimum
515 2073 601 2113 omne
635 2071 776 2131 regnumr
819 2071 983 2131 nomenque
996 2063 1027 2112 15

182 2151 365 2228 productum,
380 2161 412 2208 ut
425 2151 569 2209 Portunus
590 2170 607 2209 a
620 2161 714 2227 portu,
727 2151 771 2208 sic
792 2150 946 2229 Neptunus
967 2171 984 2208 a

183 2247 412 2324 nuncupatum
423 2249 524 2324 primis
537 2248 629 2306 literis
642 2247 809 2323 immutatis.
851 2248 984 2306 Terrena
1021 2319 1023 2322 Ι

184 2355 279 2404 autem
293 2345 335 2403 vis
348 2345 442 2402 omnis
456 2355 541 2421 atque
555 2355 658 2402 nature
671 2345 734 2403 Diti
753 2348 829 2421 putri
850 2345 984 2403 dedicata

183 2454 245 2501 est:
274 2441 324 2519 qui
344 2441 445 2514 Dives,
467 2452 499 2499 ut
520 2442 594 2517 apud
615 2442 734 2500 Grecos
755 2443 895 2513 Πλούτων,
916 2441 984 2516 quia

182 2549 213 2600 et
225 2540 356 2599 recidant
369 2541 467 2597 omnia
486 2540 517 2597 in
537 2550 637 2611 terras,
652 2550 682 2596 et
701 2539 833 2598 oriantur
854 2558 871 2596 e
890 2537 981 2596 terris.
994 2550 1027 2601 ω

183 2637 214 2695 Ie
232 2636 327 2713 rapuit
346 2636 555 2712 Proserpinam,
578 2635 670 2713 (quod
689 2636 856 2694 Graecorum
877 2653 983 2692 nomen

184 2745 241 2793 est:
263 2753 298 2792 ea
311 2735 388 2792 enim
409 2743 461 2804 est,
475 2752 538 2809 quae
551 2734 719 2806 Περσεφόνη
732 2732 835 2791 Graece
855 2730 984 2789 nomina·

183 2833 244 2911 tur)
266 2847 352 2906 quam
373 2829 486 2907 frugum
507 2848 606 2887 semen
627 2847 690 2887 esse
710 2829 818 2900 volunt,
833 2827 983 2886 abscondi·

183 2938 300 3003 tamque
314 2927 403 3002 quaeri
418 2947 434 2984 a
447 2937 538 2984 matre
551 2926 673 3004 tingunt.
714 2924 809 2983 Mater
824 2935 918 2982 eutem
939 2935 983 2982 est

185 3023 348 3103 egerendis
363 3023 492 3100 frugibus
505 3023 604 3095 Ceres,
622 3008 757 3097 tanquam
774 3020 880 3086 Gerasi
901 3039 983 3078 casu·
994 3031 1026 3080 25

184 3140 241 3199 que
253 3120 347 3199 prima
366 3120 449 3179 litere
469 3120 569 3179 itidem
589 3120 749 3189 immutata,
764 3127 797 3174 ut
817 3136 835 3175 a
852 3117 980 3176 Grecis:

184 3237 252 3279 nam
278 3218 315 3277 ab
340 3216 398 3277 iilis
416 3235 533 3297 quoque
553 3219 700 3294 Δημήτηρ,
720 3212 808 3326 queri
825 3219 878 3285 ἢ
892 3217 1002 3283 piune,
