2409 3859
204 444 245 507 ω
469 458 512 506 on
530 458 666 509 usuum
682 460 829 509 nnonuu.

247 604 288 665 lut
301 615 330 665 et
343 607 495 667 claudicat
535 608 615 669 Nam
628 610 697 686 qnid
710 622 764 684 est,
777 612 858 688 quod
870 612 972 673 minus
989 630 1048 691 pro·
1067 664 1071 671 .
1092 604 1094 611 ’

249 703 310 761 bari
323 706 422 781 possit,
436 725 522 781 qnam
535 707 665 765 omnium
679 708 710 767 in
729 726 777 767 me
796 708 933 771 incidere
953 710 1048 791 inrugi-

247 819 308 873 nes,
324 801 456 874 Homeri,
470 804 652 877 Archilochi,
666 804 797 878 Romuli,
811 804 935 879 Numae,
949 807 1048 885 Pytha·

247 918 333 976 goie,
354 900 492 972 Platonis,
513 920 569 959 nec
589 919 624 961 ea
643 901 745 974 forma,
765 920 823 977 qua
841 902 885 961 illi
908 903 1047 965 lueruntl

218 998 391 1072 oquomodo
410 1016 481 1075 ergo
500 997 566 1055 illil
594 1008 624 1057 et
643 988 763 1073 qlrorum
784 998 955 1081 imaginent
996 1000 1049 1061 Or·

246 1093 351 1170 pheum
364 1107 478 1171 poetam
492 1094 577 1153 docet
590 1095 761 1153 Aristoteles
774 1114 929 1172 nunquam
950 1098 1049 1171 luisse,

245 1206 275 1249 et
288 1191 344 1248 hoc
357 1190 517 1266 Orphicum
529 1211 645 1249 carmen
656 1190 827 1269 Pythagorei
841 1192 943 1251 serunt
956 1194 1050 1273 cujus·

245 1287 311 1346 dam
326 1289 412 1347 fuisse
426 1290 573 1367 Cercopis.
615 1290 813 1367 Morpheus,
828 1290 858 1349 id
879 1302 938 1365 est,
953 1292 1050 1373 imago

245 1385 316 1460 ejus,
331 1397 362 1443 ut
378 1405 427 1443 vos
440 1387 535 1459 vultis,
550 1387 581 1446 in
596 1387 722 1445 animum
736 1405 832 1445 meunt
852 1406 933 1463 stupe
954 1388 1052 1449 incun

129 1496 144 1535 ·-.·
202 1488 232 1537 10
245 1481 289 1540 rit.
329 1482 423 1554 Quid,
438 1484 514 1559 quod
528 1483 656 1560 ejusdem
670 1483 838 1542 hominisin
851 1501 954 1543 meum
974 1486 1050 1557 alin.

245 1580 307 1639 alin
335 1581 365 1639 in
391 1582 495 1639 tuuml
524 1581 604 1656 quid,
624 1582 700 1657 quod
727 1599 825 1639 eurum
852 1598 965 1653 rerum,
985 1602 1052 1661 qun

244 1698 390 1754 nunquam
411 1678 529 1737 omnino
549 1678 675 1749 suerunt,
689 1696 783 1753 neque
795 1695 859 1737 esse
878 1688 1051 1757 potuerunt,
1078 1740 1083 1749 ,

244 1787 276 1835 ut
296 1776 410 1851 Scyllas,
431 1786 463 1835 ut
482 1776 656 1834 Chimaerml
686 1774 765 1850 qnid,
785 1774 863 1849 quod
883 1775 1051 1851 hominnm,

243 1872 383 1945 locorum,
398 1873 511 1931 urbium
527 1892 635 1945 earum,
652 1891 722 1948 quus
735 1889 882 1946 nunquam
895 1871 1050 1935 vidimusl

201 1978 231 2027 15
244 1968 322 2043 quid,
343 1970 430 2044 qnod,
452 1969 573 2027 simulac
593 1969 664 2027 mihi
685 1969 844 2026 collibitum
864 1984 919 2039 est,
942 1984 1052 2045 praesto

244 2076 287 2122 est
315 2066 434 2142 imagol
464 2065 543 2139 quid,
572 2067 649 2141 quod
675 2066 762 2124 etiam
790 2066 825 2123 ad
852 2065 1050 2129 dormientem

243 2162 363 2220 veniunt
383 2163 541 2220 invocatael

283 2358 430 2417 XXXIX.
452 2359 531 2418 Tota
545 2378 599 2431 res,
612 2359 716 2431 Vellei,
727 2360 879 2436 nugatoria
900 2374 968 2437 est3
998 2386 1051 2427 vos

245 2468 339 2515 autem
353 2475 411 2514 non
426 2457 510 2515 modo
530 2457 623 2515 00qu
643 2456 792 2534 imagines,
806 2458 856 2515 sed
876 2458 967 2519 etiam
989 2464 1051 2523 ani·

198 2556 298 2617 §tomis
325 2554 495 2612 inculcatis:
524 2564 605 2612 tanta
638 2564 682 2613 est
713 2554 868 2629 impunitas
888 2558 1049 2631 garriendi.

244 2653 285 2709 At
299 2672 384 2727 quam
398 2652 540 2709 licenterl
582 2651 749 2709 Fluentium
764 2652 927 2726 frequenter
943 2658 1050 2715 transi·

244 2749 285 2807 tio
298 2750 329 2807 fit
343 2749 494 2820 visionum,
509 2762 540 2807 ut
553 2769 570 2807 e
584 2749 680 2806 multis
695 2767 751 2805 una
771 2748 909 2807 videatur.
952 2751 1050 2813 Pude-

244 2858 287 2902 ret
302 2866 346 2903 nte
360 2846 456 2903 dicere
470 2865 528 2903 non
543 2846 712 2923 intelligere,
727 2845 751 2902 si
766 2865 815 2903 vos
830 2845 883 2921 ipsi
904 2846 1050 2927 intellige·

243 2944 322 3014 retis,
334 2944 382 3018 qui
397 2943 451 3000 ista
464 2943 625 3001 defenditis.
665 2943 825 3006 Quomodo
837 2943 914 3001 enim
928 2947 1048 3019 probas,

199 3056 231 3106 25
244 3022 424 3097 continenter
453 3040 592 3116 imagines
613 3040 703 3097 serril
727 3049 784 3110 uut,
806 3039 830 3096 si
851 3040 1048 3117 continenter,

243 3155 302 3213 quo
334 3137 420 3195 modo
453 3138 587 3195 aeternael
642 3136 902 3204 Innumerabilitas,
937 3138 1048 3215 inquis,

235 3234 403 3315 suppeditat
431 3244 603 3302 atomorum.
654 3233 740 3292 Num
770 3233 873 3289 eadem
889 3252 966 3307 ergo
992 3237 1048 3295 ina
