2409 3859
207 461 249 521 ’10
475 468 671 556 omarum
688 473 834 520 ouoaurr.
984 470 1047 531 [ur

251 621 339 680 etiam
360 623 438 682 docti
459 624 645 683 dissentiant:
672 641 794 699 quorum
815 622 965 698 opiniones
986 639 1053 679 cum

252 728 310 777 tam
324 719 409 777 varia
423 720 481 778 aiut
494 730 610 795 tamque
630 719 705 777 inter
724 737 756 776 se
775 718 964 788 dissidentem
986 717 1053 776 alte-

251 832 315 873 rum
335 815 464 891 prosectu
482 816 545 875 fieri
557 825 661 892 potest,
675 825 707 873 ut
721 833 818 873 earum
832 814 921 886 nulla,
933 815 1052 872 alterum

251 922 330 970 oerte
344 930 402 970 non
415 923 518 989 potest,
533 913 642 990 utplus
656 913 714 971 und
728 930 795 970 vera
807 911 852 970 sit.

221 1117 239 1168 5
290 1105 346 1164 111.
373 1106 444 1168 Qua
457 1106 573 1182 quidem
587 1107 618 1164 in
632 1117 762 1185 oausapt
782 1105 935 1164 benevolos
955 1105 1051 1181 objur-

250 1211 364 1281 gatores
376 1203 500 1278 placare,
515 1213 544 1261 et
557 1202 669 1262 invidos
681 1202 887 1278 vituperatores
901 1202 1049 1260 confutare

248 1318 409 1376 possumus,
431 1311 463 1358 ut
484 1301 587 1359 alteros
608 1300 824 1376 reprehendisse
842 1299 989 1375 peniteat,
1012 1299 1050 1356 al-

249 1397 303 1456 teri
323 1398 458 1456 didicisse
478 1417 509 1457 se
529 1386 680 1476 gaudeant
721 1397 798 1455 Nam
819 1397 868 1473 qui
896 1396 1049 1455 admonent
1077 1474 1079 1481 y

250 1494 352 1566 amicti,
379 1495 502 1554 docendi
529 1508 613 1554 sunt:
641 1496 690 1571 qui
718 1495 836 1553 inimice
862 1495 1048 1565 insectantur,

123 1618 126 1639 ι
206 1599 237 1650 10
249 1591 414 1667 repellendi.
469 1591 596 1650 Multum
630 1603 726 1650 autem
759 1591 876 1650 fluxisse
902 1591 986 1650 video
1012 1592 1049 1649 de

249 1687 331 1746 libris
343 1688 457 1762 nostris,
469 1708 541 1765 quos
554 1690 716 1767 complures
730 1689 809 1748 brevi
823 1699 950 1765 tempore
960 1688 1050 1746 edidi·

249 1803 323 1857 mus,
338 1786 505 1862 variumque
525 1805 696 1858 sermonem,
710 1787 814 1863 partim
836 1785 1048 1856 admirantium,

249 1882 327 1940 unde
353 1881 410 1940 hoo
434 1882 655 1959 philosophandi
680 1882 765 1940 nobis
791 1882 888 1964 subito
921 1881 1049 1940 studium

188 2038 191 2042 .
248 1979 402 2051 extitisset3
423 1980 536 2057 partim,
550 1979 623 2056 quid
634 1980 850 2055 quaquedere
866 1978 943 2053 perti
963 1979 1050 2037 habe·

204 2082 236 2132 15
250 2094 357 2149 remus,
386 2078 461 2135 seire
487 2076 699 2153 cupientium.=
730 2075 832 2134 Multis
858 2076 944 2134 etiam
971 2071 1056 2134 sensi

249 2174 381 2234 mirabile
399 2174 501 2246 videri,
515 2192 580 2232 eam
599 2173 685 2232 nobis
703 2173 885 2250 potissimum
898 2172 1049 2249 probatam

248 2290 314 2331 esse
332 2271 553 2348 philosophiam,
575 2290 639 2346 quas
658 2270 755 2330 lucem
775 2271 900 2348 eriperet
919 2280 948 2329 et
966 2270 1049 2347 quasi

249 2381 365 2428 nostem
392 2369 536 2445 quandam
562 2368 649 2427 rebus
676 2368 847 2440 offunderet,
871 2368 1049 2442 desertaeque

202 2577 236 2630 ω
248 2565 396 2642 opinatum
424 2583 441 2622 a
466 2563 551 2622 uobis
571 2581 634 2621 esse
654 2573 827 2638 susceptum.
868 2561 933 2619 Nos
951 2550 1048 2618 autem

248 2681 305 2723 neo
331 2661 428 2720 subito
454 2661 594 2738 eoepimus
620 2659 833 2736 philosophari3
860 2677 916 2716 nec
943 2658 1050 2743 medio

242 2766 328 2819 'orem
343 2778 361 2817 a
373 2759 467 2837 primo
480 2768 609 2834 tempore
623 2756 715 2815 etatis
729 2756 759 2813 in
773 2775 810 2814 eo
823 2756 918 2814 studio
932 2762 1049 2832 operam

249 2875 405 2933 curamque
432 2854 660 2922 consumsimus3
688 2865 727 2926 et,
747 2872 814 2911 oum
835 2853 954 2911 minime
974 2851 1050 2909 vide·

251 2955 360 3026 bamur,
381 2965 442 3012 tum
463 2953 585 3011 maxime
612 2950 897 3027 philosophabamur3
925 2948 1001 3024 quod
1020 2958 1050 3005 et

206 3057 238 3110 25
251 3052 394 3109 orationes
408 3050 555 3109 declarant
568 3049 679 3106 relertae
692 3046 924 3123 philosophorum
938 3055 1050 3105 senten·

251 3146 308 3217 tiis,
336 3158 365 3205 et
399 3147 629 3206 doctissimorum
656 3143 805 3202 hominum
832 3142 1049 3213 familiaritates,

233 3241 347 3312 quibus
360 3262 478 3323 semper
492 3244 601 3305 domus
614 3250 716 3301 nostra
725 3239 841 3310 iloruit3
858 3250 891 3299 et
905 3239 1051 3316 principes
