2409 3859
480 463 579 511 mnnn
596 464 616 511 1.
635 465 671 513 ιι.
983 452 1024 513 8⁵

169 615 222 675 bod
236 616 335 675 elatus
349 615 457 689 studio,
469 634 569 675 vereor
579 635 617 675 ne
626 616 740 694 longior
754 616 865 675 fuerim.
907 613 979 672 Erat

171 724 258 773 autern
280 714 416 787 difficile,
437 732 501 771 rem
522 724 630 772 tantam
656 725 773 789 tamque
809 711 977 789 praeolaram

171 809 335 909 iupboptom
362 812 548 887 relinquere·
576 830 742 887 quanquam
769 831 827 869 non
855 821 913 868 tam
934 809 977 868 di·

171 880 257 967 seddi·
264 910 343 967 ratio
347 896 430 967 mihi
445 909 578 966 habenda
590 909 645 967 suit
647 928 755 984 ,quarn
772 907 916 966 audiendi.

204 1103 290 1163 XXI.
320 1102 402 1162 Tum
424 1103 522 1176 Cotta,
537 1104 668 1176 comiter,
683 1115 716 1161 ut
735 1104 856 1176 solebat,
871 1102 1004 1178 Atqui,5
1048 1113 1078 1168 5

173 1198 268 1276 inquit,
282 1201 391 1272 Vellei,
406 1200 465 1258 nisi
486 1211 516 1258 tu
538 1201 646 1276 aliquid
667 1202 797 1274 dixisses,
810 1201 883 1258 nihil
905 1218 975 1258 sane

172 1314 261 1357 axme
280 1297 401 1374 quidem
424 1297 526 1356 audire
545 1299 707 1375 potuissem·
724 1300 795 1356 mihi
816 1300 894 1357 enim
914 1318 973 1357 non

172 1406 223 1454 tam
243 1398 331 1456 laoile
351 1398 382 1455 in
403 1407 532 1455 mentem
552 1399 650 1456 venire
670 1399 751 1470 solet,
766 1417 854 1473 quare
874 1417 973 1456 verum

172 1494 203 1552 tit
215 1495 334 1571 aliquid,
344 1514 433 1572 quam
446 1513 533 1570 quare
547 1495 658 1554 falsum.
700 1496 791 1572 quue
805 1516 873 1554 oum
887 1515 971 1571 sape,

172 1602 236 1666 tuor,
270 1614 339 1653 oum
373 1606 404 1653 te
441 1594 570 1652 audirem
609 1596 695 1672 paulo
729 1606 804 1666 ante,
839 1595 970 1671 contigit.
986 1605 1016 1656 10

172 1688 265 1769 Rbges
280 1711 335 1765 me,
351 1691 470 1768 qualem
484 1692 614 1751 Deorum
627 1702 759 1750 naturam
774 1711 836 1750 esse
850 1691 971 1748 ducam:

172 1787 234 1846 nihil
269 1789 391 1848 fortasse
425 1790 621 1865 respondeam.
675 1788 808 1859 Quaeras,
836 1798 972 1863 putemne

171 1884 248 1944 talem
268 1906 342 1959 esse,
364 1885 461 1962 qualis
482 1887 566 1944 modo
588 1907 605 1945 a
624 1899 653 1945 te
674 1887 711 1944 sit
731 1885 877 1962 exposita:
899 1886 970 1945 nihil

171 1980 257 2043 dicam
277 1984 350 2042 mihi
372 1983 466 2041 videri
481 1985 583 2044 minus.
627 1985 686 2042 Sed
702 1995 855 2060 antequam
870 2003 971 2062 aggre-

120 2092 122 2105 '
169 2078 224 2138 dist
244 2082 279 2140 ad
300 2100 346 2155 ea,
369 2100 434 2157 quae
457 2101 472 2138 a
492 2092 521 2141 te
541 2083 685 2159 disputata
705 2094 781 2154 sunt,
803 2083 839 2140 de
859 2094 887 2141 te
908 2084 971 2158 ipso
984 2093 1015 2142 15

169 2175 255 2237 dicam
276 2179 349 2256 quid
370 2178 502 2236 sentiam.
545 2182 629 2256 Saepe
649 2179 727 2237 enim
748 2181 784 2238 de
804 2181 837 2238 L.
853 2181 968 2251 Crasso,
1048 2175 1091 2233 ..Ἥ

169 2273 294 2335 familiari
316 2277 369 2334 illo
389 2286 451 2348 tuo,
466 2277 564 2335 videor
586 2277 709 2348 audisse,
725 2297 791 2335 oum
812 2288 842 2336 te
862 2279 969 2356 togatis

168 2375 296 2433 omnibus
317 2374 384 2431 sine
404 2373 494 2430 dnbio
515 2374 679 2446 anteferret,
694 2384 722 2432 et
742 2393 850 2451 paucos
871 2387 968 2433 tecum

167 2466 323 2546 Epicureos
337 2460 355 2528 b
368 2469 484 2527 Graecia
498 2480 696 2547 compararet:
717 2472 778 2543 sed,
792 2473 868 2547 quod
884 2472 919 2527 ab
933 2489 968 2527 eo

167 2575 191 2623 te
215 2567 339 2625 mirilice
367 2556 452 2642 diligi
479 2566 686 2645 intelligebam,
708 2569 866 2626 arbitrabar
887 2567 1013 2630 illumne

167 2675 275 2739 propter
303 2663 535 2722 benevolentiam
561 2664 596 2721 nl
619 2664 736 2723 uberius
757 2666 861 2723 dioere.
903 2663 968 2740 Ego

158 2756 267 2833 'antem
282 2761 338 2818 etsi
353 2778 453 2817 vereor
473 2761 589 2818 laudare
609 2775 789 2837 praesentem,
808 2761 909 2838 judico
928 2772 969 2818 ta·

167 2872 227 2915 rnen
242 2857 279 2915 de
293 2876 327 2915 re
341 2857 466 2914 obscura
480 2869 566 2933 atque
580 2858 750 2917 difficillima
771 2879 787 2917 a
807 2869 836 2915 te
857 2857 967 2915 dictum

126 3010 129 3017 ,
151 2968 224 3023 ,ωδε
237 2952 384 3011 dilucide:
406 2971 500 3028 neque
514 2954 663 3012 sententiis
675 2955 767 3013 solum
778 2952 904 3029 copiose,
917 2955 967 3011 sed

120 3044 256 3115 ssrerbis
270 3050 360 3108 etiarn
375 3050 512 3121 ornatius,
528 3070 614 3125 quam
628 3052 720 3110 solent
735 3051 828 3109 vestri.
870 3048 1012 3106 Zeno-25
1047 3044 1091 3097 Sl

120 3128 122 3135 ¹
167 3163 240 3218 nem,
268 3166 354 3222 quem
378 3147 463 3204 Philo
490 3158 587 3205 noster
615 3148 798 3226 coryphaeum
825 3146 967 3220 appellare

165 3240 370 3318 Epicureorum
385 3245 511 3324 solebat,
526 3266 599 3311 oum
615 3248 748 3312 Athenis
766 3239 995 3333 assamur&
