2409 3859
198 450 238 512 02
463 461 506 508 oa
524 460 660 509 aarum
678 460 824 509 uaoaou.

242 613 309 672 dem
324 613 414 671 ullum
428 613 547 686 bonum,
561 613 639 689 quod
653 613 691 671 sit
704 612 866 690 sejunctum
879 632 898 671 a
917 612 1047 675 delicata

242 721 272 769 et
291 711 426 769 obscenis
447 711 660 786 voluptatibus:
682 730 753 787 quas
767 710 896 787 quidam,
911 730 974 770 non
988 730 1047 771 eru·

128 832 197 895 152
242 809 373 882 bescetm
394 809 574 887 persequitur
601 826 704 867 omnes
724 809 906 868 nominatim.
947 810 1047 873 Quem
1089 846 1091 851 ·

241 907 339 965 cibum
354 907 452 984 igitur,
468 916 517 964 aut
531 926 603 982 quas
622 906 763 983 potiones,
779 917 827 963 aut
849 925 923 981 quas
943 926 1046 967 vocum

210 1008 228 1058 5
242 1014 291 1063 aut
305 1005 407 1063 florum
418 1005 579 1076 varietates,
592 1014 641 1062 aut
650 1022 727 1079 quos
739 1013 844 1075 tactus,
856 1022 931 1079 quoa
944 1006 1047 1065 odores

241 1102 391 1160 adhibebis
405 1103 441 1159 ad
455 1099 544 1172 Deos,
556 1114 588 1158 ut
599 1100 815 1177 eoepersundas
828 1100 1046 1177 voluptatibus!

239 1198 281 1256 At
313 1209 405 1274 poetae
439 1199 566 1274 quidem,
594 1210 704 1270 nectar,
734 1198 917 1271 ambrosiam,
945 1200 1048 1277 epulas

239 1307 417 1372 comparant,
439 1307 468 1354 et
492 1311 541 1354 aut
561 1295 754 1367 Juventatem,
776 1306 826 1353 aut
845 1296 1048 1372 Ganymedem

237 1393 343 1470 pocula
363 1394 584 1453 ministrantem.
626 1392 676 1472 Tu
691 1404 799 1465 autem,
821 1392 963 1470 Epicure,
979 1394 1048 1471 quid

193 1503 225 1554 10
238 1490 350 1549 faciest
372 1510 467 1566 neque
480 1491 570 1561 enim,
586 1490 663 1548 unde
677 1490 782 1548 habeat
795 1490 850 1548 iata
863 1490 948 1549 Deus
969 1503 1047 1563 tuus,

238 1588 339 1660 vidc0;
362 1607 428 1659 nec,
445 1588 591 1664 quomodo
606 1598 711 1646 utatur.
754 1587 942 1664 Locupletior
959 1590 1048 1669 igitur

236 1686 385 1745 hominum
412 1697 515 1744 natum
542 1686 577 1743 ad
605 1686 688 1743 beate
708 1685 861 1743 vivendum
881 1697 936 1759 est,
959 1706 1047 1764 quam

236 1785 376 1857 Deorum,
391 1785 467 1860 quod
482 1784 612 1861 pluribus
626 1783 781 1860 generibus
795 1783 899 1841 fruitur
914 1785 1047 1862 volupta-

126 1870 161 1943 ’5
235 1895 305 1940 tum.
348 1883 389 1939 At
416 1883 468 1940 bas
495 1882 617 1940 leviores
644 1880 727 1938 ducis
747 1881 917 1957 voluptates,
927 1883 1047 1969 Q·

192 1988 222 2037 15
235 1981 315 2055 quasi
344 1980 470 2037 titillatio
492 1980 627 2055 (Epicuri
656 1979 733 2037 enim
761 1978 816 2036 hoc
843 1981 964 2037 verbum
987 1983 1046 2061 est)

236 2077 386 2134 adhibetur
401 2077 540 2134 sensibus,
581 2077 746 2152 Quousque
760 2076 856 2134 ludist
879 2097 946 2135 nam
962 2078 1047 2137 Philo

234 2175 320 2233 etiam
335 2187 432 2232 noster
453 2175 526 2232 serre
547 2194 606 2231 non
626 2187 748 2250 poterat,
765 2175 909 2250 aspernari
933 2175 1047 2252 Epicu·

234 2292 299 2330 reos
316 2273 415 2330 molles
429 2283 458 2330 et
472 2273 611 2330 delicatas
631 2273 809 2348 voluptates:
830 2292 943 2330 summa
965 2276 1046 2334 enim

235 2371 373 2428 memoria
398 2371 603 2448 pronuntiabat
630 2371 767 2445 plurimas
788 2371 908 2446 Epicuri
928 2384 1046 2439 senten·

189 2474 221 2523 20
235 2470 299 2540 tias,
315 2469 359 2526 his
381 2470 448 2545 ipsis
470 2469 573 2535 verbis,
589 2469 693 2544 quibus
714 2480 795 2526 erant
810 2468 932 2545 scriptae.
977 2469 1044 2530 Me·

234 2568 342 2624 trodori
363 2586 440 2638 vero,
462 2568 511 2642 qui
533 2579 576 2624 est
601 2567 721 2642 Epicuri
743 2566 854 2643 collega
881 2566 1044 2642 sapientire,

235 2667 325 2722 multa
341 2665 551 2740 impudentiore
572 2665 728 2722 recitabat:
752 2674 869 2721 accusat
890 2666 968 2721 eninr
991 2666 1044 2725 Ti-

236 2774 401 2833 mocratem,
418 2762 531 2819 fratrem
548 2782 642 2833 suum,
658 2762 851 2832 Metrodorus,
867 2763 944 2837 quod
959 2763 1044 2823 dubi·

235 2870 275 2916 tet
289 2861 396 2929 omnia,
412 2879 475 2934 quae
492 2860 526 2916 ad
539 2861 651 2917 beatam
663 2861 748 2916 vitam
761 2860 932 2935 pertineant,
942 2874 1043 2921 ventre

190 2970 221 3017 25
235 2958 346 3014 metiri:
369 2977 462 3032 neque
477 2959 505 3014 id
520 2959 607 3015 semel
623 2958 702 3027 dicit,
719 2958 768 3014 sed
783 2957 895 3033 saepius,
939 2959 1043 3018 Annu-

235 3073 283 3112 ere
304 3067 332 3112 te
354 3056 454 3112 video:
484 3066 553 3111 nota
573 3055 652 3112 enim
680 3055 732 3111 tibi
762 3065 835 3111 sunt.
877 3054 1042 3115 Prolerrem

235 3152 332 3223 libros,
361 3153 385 3210 si
413 3172 541 3229 negares.
597 3152 703 3227 Neque
737 3171 815 3209 nuno
850 3153 1042 3228 reprehendo,

220 3251 304 3326 quod
322 3252 362 3311 ad
385 3253 565 3333 voluptatem
586 3251 690 3311 omnia
714 3250 874 3308 relexantur
883 3268 895 3303 ·.
918 3249 980 3305 aba
1001 3264 1048 3309 est
