2409 3859
503 470 704 535 nnnn1.2.‚·
975 473 978 480 ·
1010 460 1031 522 9

178 632 307 700 possunt
333 641 388 680 nos
418 621 528 699 jurare,
555 642 611 681 nee
637 624 752 694 rol'nnt3
786 643 843 682 nee
869 623 987 682 omnino
1021 656 1023 660 ·

182 717 308 791 curant}
329 738 396 791 nee,
418 719 489 794 quid
511 739 638 797 agamus,
661 720 903 792 animadvertunt3
931 739 987 780 nee

183 816 330 892 estquod
351 817 388 874 ab
409 815 455 873 his
476 816 679 875 adhominum
706 817 794 875 vitam
819 836 988 894 permanare

183 914 291 989 possit3
314 913 385 988 quid
398 922 444 970 est
457 914 532 988 quod
546 913 620 972 ullos
634 914 688 974 Dis
702 915 908 973 immortalibus
929 914 1005 974 cul-r

185 1021 242 1078 tus,
271 1010 408 1080 honores,
437 1028 537 1085 preces
564 1010 769 1084 adhibeamusl
823 1011 857 1069 In
891 1013 1016 1088 speciest,

167 1117 283 1165 autem
307 1106 385 1164 fictae
405 1106 606 1178 simulationis,
627 1108 702 1165 sicut
721 1108 839 1184 reliquoe
860 1109 987 1184 virtutes,

187 1204 227 1261 ita
246 1203 340 1280 pietas
363 1203 458 1260 inesse
477 1222 536 1261 non
555 1214 659 1280 potest,
683 1223 751 1263 eum
778 1224 835 1281 qua
854 1206 938 1264 simul
960 1219 989 1267 et

159 1294 164 1300 ⁴
186 1301 371 1375 sanctitatem
393 1308 423 1357 et
441 1300 610 1377 religionem
630 1301 692 1359 tolli
711 1321 831 1361 necesse
845 1315 906 1362 est:
928 1305 989 1381 qui·

137 1455 142 1476 ⁸
186 1399 240 1456 bus
260 1397 393 1468 sublatis,
407 1398 582 1473 perturbatio
602 1399 667 1456 vitae
688 1399 815 1474 sequitur
836 1411 865 1458 et
884 1420 989 1478 magna

186 1496 327 1553 confusio.
371 1494 469 1568 Atque
489 1494 566 1553 haud
586 1495 657 1566 seio,
673 1515 708 1553 nn
729 1496 835 1572 pietate
855 1497 989 1556 adversus
1002 1512 1033 1561 10
1054 1492 1073 1573 *i

185 1588 266 1650 Deos
293 1591 418 1662 sublata,
443 1590 514 1648 fides
547 1591 644 1663 etiam,
671 1602 700 1650 et
726 1593 849 1650 societas
875 1595 990 1670 generis

187 1689 317 1761 humani,
345 1699 375 1745 et
402 1706 460 1744 una
486 1688 726 1746 excellentissima
759 1689 848 1746 virtus
879 1690 989 1764 justitia

186 1786 312 1844 tollatur.
355 1785 431 1842 Sunt
452 1795 546 1842 autem
568 1785 616 1842 alii
636 1784 809 1860 philosophi,
831 1795 858 1842 et
879 1785 908 1843 hi
929 1787 990 1863 qui·

187 1884 253 1942 dem
280 1882 380 1960 magni
408 1892 492 1958 atque
518 1883 639 1954 nobiles,
661 1882 710 1958 qui
737 1880 865 1941 Deorum
893 1895 989 1943 mente

187 1990 275 2058 atque
301 1980 413 2038 ratione
440 1998 554 2037 ornnem
581 1979 720 2037 mundum
748 1980 939 2039 administrari
960 1994 988 2055 et
1001 2000 1032 2047 15

186 2079 248 2155 tegi
262 2087 420 2135 censeant:
441 2095 534 2151 neque
547 2095 616 2134 vero
628 2076 658 2134 id
672 2077 774 2148 solum,
788 2077 838 2135 sed
852 2078 937 2136 etiam
953 2079 989 2136 ab

187 2174 291 2233 iisdem
310 2173 377 2231 vitae
397 2172 546 2231 hominum
567 2173 679 2231 consuli
699 2184 729 2232 et
740 2174 900 2250 provideri:
921 2194 987 2233 nam

186 2282 216 2330 et
230 2272 338 2348 fruges,
353 2271 506 2346 etreliqua
526 2288 589 2345 quae
609 2281 686 2328 terra
703 2270 805 2347 pariat,
820 2282 848 2330 et
867 2282 989 2348 tempes-

186 2380 270 2440 tates,
293 2387 328 2426 ae
354 2356 514 2443 temporum
541 2367 704 2442 varietates¹
729 2368 848 2444 caelique
875 2369 988 2427 mutati·

186 2486 273 2534 ones,
290 2465 395 2541 quibus
416 2464 522 2536 omnia,
544 2484 608 2540 quae
628 2476 705 2523 terra
724 2464 833 2544 gignat,
847 2475 1031 2530 maturatam

186 2565 357 2641 pubescant,
373 2581 389 2618 a
409 2561 463 2618 Dis
483 2561 691 2621 immortalibus
711 2563 798 2622 tribui
818 2562 916 2642 generi
937 2562 989 2621 hu·

188 2680 275 2719 mano
300 2671 419 2737 putant;
453 2660 608 2734 multaque,
636 2662 701 2735 quae
727 2661 860 2720 dicentur
887 2660 917 2718 in
943 2659 988 2719 bis

188 2758 279 2830 libris,
300 2757 463 2834 eolligunt}
484 2776 547 2831 quae
574 2758 644 2814 talia
664 2769 739 2831 sunt,
761 2769 793 2816 ut
813 2776 847 2816 ea
866 2757 928 2833 ipsa
948 2757 988 2816 Di

189 2854 365 2914 immortales
392 2854 427 2911 ad
461 2873 543 2912 usum
571 2853 722 2912 homiuum
749 2854 880 2913 fabricati
906 2873 988 2930 paene

188 2955 348 3012 rideantur.
403 2952 514 3009 Contra
539 2969 612 3027 quos
639 2947 806 3011 Carneades
832 2951 873 3009 ita
898 2952 1031 3009 multans

188 3050 333 3122 disseruit,
355 3060 387 3108 ut
407 3049 544 3109 excitaret
564 3047 698 3106 homines
718 3066 777 3108 non
798 3049 935 3135 socordes¹
953 3047 988 3105 ad

189 3148 247 3207 veri
276 3146 465 3226 investigandi
484 3148 679 3226 cupiditatem.
722 3145 787 3204 Res
806 3146 886 3204 enim
911 3144 992 3202 nulla
1054 3147 1073 3206 Ξ

184 3234 235 3316 est',
258 3245 294 3302 de
314 3264 370 3322 qna
391 3256 474 3307 tanto
495 3268 586 3330 opere
605 3263 673 3310 non
691 3247 796 3310 solum
809 3241 948 3312 lanoso,
960 3235 1020 3296 ab
