2409 3859
485 464 581 511 LIBER
601 469 619 511 Ι.
639 468 674 512 tu.
751 496 754 503 ·
772 426 777 434 ι
985 458 1023 517 51

178 619 259 676 modo
284 617 426 676 accedis?
468 616 653 693 Praecipitare
680 618 754 675 istuc
787 619 901 694 quidem
928 627 981 688 est,

179 716 435 774 condescendere.
478 713 544 772 Nec
558 734 626 772 vero
647 716 788 792 intelligo,
803 735 854 773 eur
875 715 982 773 malue·
1044 723 1069 793 ⁵5

146 884 150 891 ι
180 813 213 870 rit
225 812 371 889 Epicurus
385 812 469 870 Deos
483 811 631 869 hominum
645 813 754 887 similes
774 814 881 880 dicere,
896 832 981 888 quam

134 974 136 981 ¹
181 909 306 968 homines
333 910 477 967 Deorum.
531 908 666 980 Quaeres,
694 910 762 986 quid
779 910 922 968 intersit:
957 909 981 967 si

177 1008 252 1065 ‘enlm
266 1009 323 1065 hoc
343 1006 387 1065 illi
398 1006 504 1105 usimile
524 1006 570 1077 sit,
585 1025 648 1065 esse
668 1006 738 1065 illud
759 1007 836 1066 huic.
870 1008 1011 1078 vide0;e
1033 999 1035 1003 ¹

180 1105 227 1161 sed
249 1104 305 1162 hoc
326 1103 406 1176 dico,
420 1121 480 1160 non
502 1104 537 1160 ab
558 1103 724 1183 hominibus
741 1104 840 1163 Jsormae
861 1105 981 1182 figuram

175 1186 287 1259 'venisse
303 1202 338 1258 ed
353 1201 434 1258 Deos
444 1184 464 1256 ³2·
473 1198 512 1257 Di
526 1200 606 1273 enim
619 1193 729 1277 semper
744 1203 868 1274 fuerunt,
879 1213 908 1260 et
921 1202 981 1260 noti

180 1314 324 1372 nunquam
339 1306 419 1367 runt,
434 1296 460 1352 si
480 1296 597 1370 quidem
619 1296 718 1355 aeterni
739 1309 805 1356 sunt
826 1299 930 1356 futuri:
953 1310 981 1357 nt

180 1393 308 1453 homines
328 1395 409 1452 neti:
427 1404 499 1452 'ante
521 1388 754 1471 igiturhumene
774 1397 874 1467 forme,
896 1416 980 1472 quam

166 1476 319 1564 'homines-
347 1510 392 1561 en,
421 1492 490 1566 qud‘
504 1501 586 1548 erant
613 1492 704 1549 forme
731 1490 783 1554 Dt
798 1492 979 1551 immortales.
995 1500 1025 1549 10

181 1586 245 1646 Non
272 1607 358 1666 ergo.
372 1587 498 1660 illorum,
520 1588 645 1645 humane
673 1588 774 1659 sorma,
795 1589 845 1645 sed
873 1601 979 1661 nostra,

180 1684 272 1743 divina
285 1684 414 1743 dicenda
428 1694 479 1742 est
521 1685 630 1742 Verum
645 1685 701 1741 hoc
714 1684 840 1758 quidem,
855 1694 887 1741 ut
906 1685 982 1743 vole·

181 1781 230 1839 tis:
251 1782 325 1853 illud
356 1781 645 1857 quaero,·quaefuerit
665 1790 745 1839 tanta
780 1781 910 1853 fortunn;
939 1782 981 1840 ni·

181 1876 217 1937 hil
230 1880 307 1938 enim
323 1879 438 1937 ratione
453 1877 483 1935 in
498 1896 591 1936 rerum
607 1889 711 1936 natura
724 1878 831 1935 factum
846 1896 908 1936 esse
921 1881 981 1938 vul·

180 1976 221 2035 tis
262 1977 323 2035 Sed
337 1987 437 2034 tumen
451 1975 515 2050 quis
529 1975 583 2034 iste
596 1986 694 2054 tentus
704 1977 811 2033 casusl
831 1977 908 2035 unde
922 1989 979 2036 tnm
994 1993 1024 2042 15

181 2073 243 2133 Ielix
270 2091 434 2133 concursus
463 2083 632 2141 atomorum,
654 2083 686 2131 ut
711 2082 828 2150 repente
849 2075 980 2134 homines

181 2168 304 2235 Deorum
334 2172 428 2229 forma
454 2172 661 2229 nascerenturl
684 2167 824 2229 'Semina
850 2171 979 2249 Deorum

180 2266 371 2327 decidisse-de
387 2265 460 2324 caelo
472 2277 606 2342 putamus
620 2266 650 2324 in
664 2277 764 2338 terras,
778 2277 808 2325 et
827 2268 870 2326 sic
879 2285 881 2288 ’
890 2269 980 2327 homI·
1040 2343 1042 2345 Ι

180 2384 227 2424 nes
239 2376 356 2443 petrum
371 2362 481 2422 similes
501 2364 652 2423 extitisse?
693 2365 806 2422 Vellem
827 2366 978 2423 diceretis:

180 2460 306 2522 Deorum
334 2459 539 2538 cognationem
561 2479 752 2538 ngnoscerem
779 2480 837 2518 non
865 2462 978 2519 invitus,
992 2472 1024 2522 2⁰

179 2558 257 2618 Nthl
277 2560 337 2618 tale
353 2557 469 2616 dicitis:
491 2538 625 2615 sedcosu
639 2577 703 2616 esse
716 2558 834 2630 sactum,
855 2568 887 2615 ut
907 2576 981 2615 esse·
1040 2555 1042 2558 ⁴

134 2720 136 2727 ,
179 2654 506 2716 mussimilesDeorum.
541 2655 982 2732 Etnuncnrgumentaquaeren·

179 2753 215 2811 de
226 2765 303 2835 suunt,
313 2754 419 2830 quibus
428 2751 484 2809 hoc
493 2752 656 2811 refellaturl
690 2753 808 2821 Utinam
822 2763 880 2809 tam
895 2751 980 2810 facile

180 2869 243 2910 rere
256 2851 388 2910 invenire
402 2866 526 2924 possem,
541 2869 626 2926 quum
641 2850 711 2907 falsa
726 2850 906 2907 convincere.

216 3044 367 3105 XXXIII.
402 3043 518 3102 Etemm
546 3043 721 3102 enumerasti
749 3041 922 3111 memoriter,
951 3051 1023 3103 etffi

179 3145 296 3220 copiose
325 3141 372 3208 (ut
399 3141 470 3198 mihi
503 3141 620 3216 quidem
648 3140 781 3198 admirari
809 3137 921 3209 liberet,
950 3139 981 3200 in

179 3237 293 3298 homine
306 3257 370 3299 esse
383 3237 523 3301 Romano
543 3250 659 3303 tuntum
678 3236 855 3318 scientiumt
864 3252 963 3310 usone
980 3254 1005 3293 x
