2409 3859
260 463 302 526 w
528 480 571 527 uu
587 479 724 529 nauum
743 480 889 530 osonum,

304 644 359 685 uos
372 627 479 689 habere
491 630 551 689 sive
572 631 817 707 anticipationem,
830 642 863 690 ut
883 641 950 690 unte
963 630 1033 703 dixi,
1048 633 1098 690 sivi

304 742 384 807 prun
404 727 514 805 tionem
534 728 684 786 Deorum:
712 739 779 786 sunt
805 729 883 786 enim
910 730 998 787 rebus
1025 730 1098 787 novir

304 744 526 905 novalionenda
537 827 667 899 nomina,
682 835 715 883 ut
728 826 873 902 Epicurus
886 827 947 902 ipse
967 828 1098 901 πρόληψιι

305 910 468 996 appellavit,
483 942 569 998 quam
586 934 670 981 autea
682 942 770 981 nemo
784 942 819 981 eo
833 925 920 982 verbo
934 925 1096 982 nommumt

189 1024 255 1101 qq
273 1016 492 1096 §Haucligitur
512 1020 651 1078 habemus
674 1030 705 1078 ut
724 1021 803 1078 Deos
824 1022 923 1079 beatos
943 1033 971 1080 et
991 1022 1098 1079 immon

301 1115 374 1174 tales
387 1125 527 1192 putemus.
568 1113 737 1193 Querenim
753 1118 952 1193 nobispatura
972 1119 1098 1176 informa

300 1216 412 1274 tionem
427 1215 557 1272 Deorum
578 1215 707 1290 ipsorum
727 1216 817 1287 dedit,
832 1216 933 1274 eadem
954 1214 1098 1292 insculpsit

302 1313 332 1370 in
347 1311 502 1381 mentibus,
517 1322 548 1369 ut
562 1330 614 1369 eos
627 1328 749 1370 aeternos
763 1322 792 1370 et
805 1313 904 1371 beutoe
925 1312 1098 1371 haberemus,

301 1409 429 1471 Quod·
407 1428 431 1467 sr
445 1409 487 1467 ita
499 1419 552 1482 est,
568 1428 636 1467 vere
650 1411 779 1486 exposita
793 1411 842 1469 illu
855 1411 998 1469 sententia
1011 1420 1055 1469 est
1069 1411 1098 1468 al

259 1506 290 1558 1⁰
304 1506 441 1582 Epicuro,
465 1505 555 1574 Quod
578 1507 689 1563 matum
716 1515 902 1584 <eternumque
928 1508 977 1579 m‘t,
997 1506 1032 1565 id
1054 1527 1098 1566 ner

302 1604 429 1661 lubere
416 1622 509 1680 ipsum
522 1604 621 1679 negoti
631 1604 795 1682 quidquam,
806 1624 856 1662 nec
865 1605 990 1663 exhibere
989 1583 1098 1663 'iuml

300 1700 400 1776 itaque
420 1718 508 1776 neque
527 1682 584 1757 ira
577 1720 687 1777 ,neque
704 1678 816 1776 gratio
829 1701 929 1774 teneri,
943 1701 1027 1784 quod,
1041 1719 1098 1778 qua

301 1797 378 1854 tolia
387 1805 486 1868 essent,
495 1797 635 1855 imbecilla
648 1798 926 1856 assentorium&
941 1798 1012 1855 nihil
1027 1797 1098 1855 aliur*

302 1911 505 1968 quaereremus,
527 1893 583 1950 nisi
605 1903 636 1952 ut
656 1893 735 1952 Deos
754 1894 802 1971 pie
827 1894 997 1962 coleremus,
1018 1905 1046 1952 et
1073 1909 1098 1952 ut

259 1989 291 2043 1⁶
302 1990 506 2066 superstitione
519 1990 717 2064 liberaremur,
732 1991 802 2050 sutis
815 2001 876 2049 erat
889 1971 1018 2049 dictum?
1038 2010 1098 2049 nan

304 2098 333 2147 et
359 2098 498 2163 praestans
524 2087 654 2145 Deorum
686 2099 791 2147 natura
822 2088 972 2147 hominum
999 2089 1098 2165 pietate

300 2170 457 2267 coleretur,
485 2203 552 2242 oum
580 2194 609 2242 et
636 2195 743 2243 aetema
769 2195 844 2243 esset
870 2195 900 2244 et
926 2186 1089 2244 beatissima

292 2281 390 2347 innuet
404 2281 483 2344 euim
496 2282 709 2340 venerationem
728 2282 834 2359 justam
855 2283 993 2360 quidquid
1014 2284 1098 2341 excel·

303 2362 359 2449 liti
375 2387 404 2435 et
417 2388 510 2435 metus
523 2378 618 2436 omnis
633 2397 649 2436 a
662 2378 690 2436 vi
704 2388 790 2454 atque
803 2379 846 2437 ira
859 2379 987 2438 Deorum
1008 2380 1098 2456 pulsus

261 2454 395 2547 messem
430 2475 600 2552 intelligitur
627 2476 715 2548 enim,
743 2494 759 2533 u
787 2451 870 2534 beati
897 2476 1098 2551 immortalique

304 2582 408 2631 nutura
431 2581 469 2630 et
501 2573 573 2630 iram
599 2581 630 2630 et
655 2573 777 2650 gratiam
804 2572 967 2649 segregari:
1002 2573 1098 2647 quibu

305 2671 432 2741 remotis,
448 2670 573 2727 nullosa
593 2669 705 2745 superis
718 2669 885 2745 impendere
905 2680 1007 2728 metus.
1048 2672 1098 2728 Se(

306 2767 342 2824 ad
356 2759 431 2825 lianc
446 2767 671 2824 confirmandum
681 2767 847 2842 opinionem
856 2766 982 2843 anquirit
996 2769 1098 2825 unimus

305 2874 336 2922 et
356 2864 487 2935 formum,
508 2874 538 2921 et
557 2863 656 2935 vitam,
677 2872 707 2922 et
727 2863 871 2922 notionem
891 2865 996 2922 mentis
1022 2877 1098 2939 atqu<

262 2967 294 3018 ὕ
308 2961 492 3038 agitationem
506 2961 537 3018 in
551 2960 625 3019 Deo.

181 3196 237 3249 κ
343 3108 460 3218 lerl.
489 3155 538 3213 Ac
557 3154 594 3213 de
614 3154 705 3212 forms
731 3154 849 3230 quidem
874 3154 978 3232 partim
1006 3164 1098 3227 nutum

288 3264 351 3305 nos
364 3249 521 3324 admonet,
535 3252 648 3333 partim
666 3251 744 3312 rst'ro
761 3250 867 3310 uocata
882 3268 954 3310 uam
971 3270 994 3310 ι
1005 3262 1098 3310 namn
