2409 3859
214 451 255 515 84
480 465 524 511 on
542 456 677 513 nerunt
695 465 840 545 omnum

260 631 346 672 sensu
361 624 445 690 etque
458 616 586 674 ratione:
607 634 722 673 omnem
732 616 810 674 enim
820 626 952 675 naturam
962 635 1049 675 neces

260 728 292 768 se
312 723 363 780 est,
379 731 442 787 quae
462 731 521 769 non
542 711 669 771 solitaria
688 712 725 770 sit
745 731 838 788 neque
858 713 989 788 simplex,
1009 710 1058 771 sed

261 827 327 867 curn
343 809 398 866 alio
409 809 509 884 juncta
524 820 608 885 atque
622 829 762 882 connexa,
771 810 877 868 habere
891 811 1016 886 aliquem
1029 811 1058 869 in

260 924 292 964 se
311 906 512 983 principatum,
528 917 560 964 ut
580 907 610 964 in
630 906 746 964 homine
767 917 903 978 mentem,
925 908 957 965 in
977 907 1058 966 belus

231 1004 396 1079 oquiddam
424 1003 517 1060 simile
550 1003 664 1075 mentis,
692 1003 769 1061 unde
802 1003 932 1061 oriantur
966 1022 1058 1063 rerum

262 1101 410 1177 appetitus.
452 1099 486 1157 In
515 1101 648 1158 arborum
670 1111 775 1172 autem,
796 1111 945 1160 eteorum
966 1119 1057 1161 rerum

261 1217 323 1274 quae
337 1199 493 1274 gignuntur
507 1208 623 1270 eterra,
638 1198 783 1256 radicibus
803 1198 898 1256 inesse
918 1199 1059 1275 principe·

260 1304 306 1351 tus
332 1305 456 1371 putatur.
498 1295 696 1372 Principatum
717 1305 811 1353 autem
834 1295 863 1352 id
884 1296 963 1367 dico,
984 1295 1057 1371 quod

259 1391 356 1449 Graeci
383 1394 546 1466 ἡγεμονικὸν
568 1405 682 1463 vocant,
705 1411 762 1467 quo
789 1389 860 1449 nihil
890 1393 919 1449 in
948 1410 1058 1468 quoque

217 1498 247 1548 to
260 1507 366 1565 genere
393 1508 447 1547 nec
476 1501 568 1565 potest
594 1509 650 1547 nec
671 1490 755 1547 debet
775 1507 839 1547 esse
866 1490 1056 1564 praestantius.

260 1584 361 1661 Itaque
375 1605 493 1645 necesse
514 1597 567 1658 est,
583 1587 653 1644 illud
674 1587 770 1658 etiam,
786 1586 815 1643 in
836 1605 895 1660 quo
915 1587 953 1645 sit
973 1587 1061 1645 totius

260 1695 368 1741 naturoe
383 1683 569 1759 principatus,
585 1702 648 1741 esse
661 1683 789 1740 omnium
804 1683 956 1759 optimum,
970 1683 1059 1742 omui·

262 1799 367 1855 umque
380 1799 475 1838 rerum
485 1791 626 1855 potestate
636 1781 840 1854 dominatuque
849 1780 1057 1857 dignissimum.
1094 1816 1096 1823 ·

260 1876 400 1935 Videmus
416 1888 518 1948 autem,
531 1877 560 1934 in
574 1877 702 1952 partibus
716 1876 815 1934 mundi
825 1875 910 1953 (nihil
926 1889 970 1936 est
983 1878 1058 1937 enim

217 1982 247 2031 15
260 1972 290 2030 in
305 1975 383 2031 omni
397 1974 514 2044 munds,
524 1975 600 2049 quod
614 1994 672 2032 non
686 1994 752 2050 pars
767 1975 890 2032 universi
905 1977 956 2055 sit)
967 1977 1059 2036 inesse

260 2089 376 2128 sensum
391 2082 419 2127 et
440 2070 587 2127 rationem.
629 2070 665 2129 In
686 2090 720 2129 ea
739 2083 820 2147 parte
841 2073 938 2149 igitur,
954 2075 983 2132 in
1004 2094 1059 2151 qus

260 2168 359 2225 mundi
377 2169 450 2224 inest
469 2167 656 2242 principatus,
671 2169 733 2225 haec
754 2170 848 2226 inesse
868 2189 987 2230 necesse
1007 2182 1059 2243 est,

260 2275 290 2323 et
305 2265 415 2322 acriora
428 2263 543 2339 quidem
559 2275 643 2339 atque
658 2265 773 2340 majora.
813 2265 967 2327 Quocirca
988 2269 1059 2345 sapi-

261 2372 356 2420 entem
383 2380 446 2419 esse
472 2361 612 2418 mundum
639 2381 757 2420 necesse
784 2375 842 2433 est;
871 2374 1059 2441 naturamque

215 2471 247 2522 20
260 2478 334 2531 eam,
349 2478 411 2534 quae
426 2477 471 2515 res
484 2475 584 2516 omnes
598 2459 747 2535 complexa
761 2470 866 2530 teneat,
880 2462 1059 2536 perfectione

261 2556 378 2613 rationis
405 2555 554 2627 excellere,
589 2574 682 2631 eoque
709 2555 803 2613 Deum
825 2575 888 2614 esse
909 2559 1058 2630 mundum,

260 2669 431 2728 omnemque
458 2652 514 2708 vim
542 2654 640 2709 mundi
662 2664 764 2710 natura
784 2653 881 2712 divina
907 2655 1057 2714 contineri.

261 2752 358 2826 Atque
372 2750 457 2807 etiam
472 2749 571 2806 mundi
583 2749 631 2807 ille
643 2751 743 2820 fervor,
755 2750 862 2826 purior,
873 2752 1058 2826 perlucidior,

262 2848 449 2922 mobiliorque
469 2846 569 2916 multo,
591 2848 630 2905 ob
650 2867 755 2922 easque
775 2867 877 2905 causas
905 2850 997 2925 aptior
1025 2848 1058 2907 ad

215 2962 248 3012 25
261 2964 362 3002 sensus
376 2943 609 3015 commovendos,
624 2954 708 3020 quarn
725 2945 772 3002 hic
786 2956 882 3003 noster
898 2947 988 3020 calor,
1003 2963 1059 3025 quo

261 3042 333 3115 haec,
355 3061 418 3118 quae
439 3051 508 3097 nota
528 3041 612 3097 nobis
632 3054 708 3109 sunt,
724 3043 882 3100 retinentur
903 3056 932 3102 et
954 3045 1057 3122 vigent

259 3139 427 3199 Absurdum
443 3137 529 3215 igitur
544 3147 587 3195 est
601 3138 708 3210 dicere,
723 3158 789 3196 cum
804 3139 937 3199 homines
952 3142 1057 3201 bestie·

249 3256 310 3316 que
323 3238 385 3299 hoo
398 3236 499 3298 calore
510 3245 678 3308 teneantur,
689 3246 721 3294 et
735 3246 887 3312 proptereu
893 3249 1055 3297 mnreentut
