2409 3859
207 471 247 533 8⁰
472 487 515 532 ua
533 484 668 533 narum
687 479 832 532 nuonuu.

252 635 368 711 quidem
394 636 507 713 reliqua
534 645 617 708 astra,
646 654 710 711 qua
736 635 865 693 oriantur
892 634 923 692 iu
951 635 1050 693 ardore

247 717 368 804 aelesti,
389 733 439 809 qui
460 734 547 792 aether
573 733 617 790 vel
639 733 740 791 oaelum
760 731 933 790 nominatur.
976 731 1050 790 Cum

251 829 339 908 igitur
353 829 473 889 aliorum
489 830 675 888 animantium
696 840 775 886 ortus
789 828 818 886 iu
831 829 969 901 retrusit,
985 830 1050 887 alio·

248 946 313 984 rum
341 927 371 985 in
399 947 481 1003 aqua,
502 928 532 985 in
560 931 627 985 abre
648 926 783 997 aliorum;
813 926 968 983 absurdum
989 945 1050 985 esse

220 1034 238 1084 t
251 1025 399 1084 Aristoteli
413 1024 535 1096 videtur,
550 1024 579 1081 in
594 1043 629 1082 ea
641 1034 731 1100 parte,
746 1043 808 1099 quae
822 1023 859 1081 sit
874 1024 910 1080 ad
931 1024 1050 1102 gignen-

198 1125 200 1130 '
250 1122 288 1179 (la
302 1121 435 1179 animalia
449 1121 603 1197 aptissima,
619 1120 723 1178 animal
738 1119 817 1197 gigni
838 1120 950 1176 n'ullum
971 1131 1050 1196 puta-

250 1237 290 1277 re.
332 1218 435 1275 Sidera
449 1227 543 1275 autem
558 1217 707 1275 aetherium
719 1217 814 1275 locum
829 1217 978 1276 obtinent:
1000 1217 1049 1293 qui

250 1315 386 1391 quoniam
413 1315 599 1372 tenuissimus
619 1325 672 1386 est,
693 1325 722 1372 et
742 1332 854 1389 semper
875 1315 1000 1392 agitatur
1021 1325 1049 1373 et

250 1411 337 1489 viget,
357 1429 476 1470 neeesse
499 1421 551 1484 est,
573 1411 650 1486 quod
671 1411 776 1491 animal
797 1411 827 1467 in
848 1429 883 1469 eo
904 1412 1048 1489 gignatur,

207 1514 238 1564 10
251 1508 280 1566 id
295 1518 323 1566 et
337 1527 423 1566 seusu
437 1508 578 1566 acerrimo
591 1519 619 1566 et
633 1508 793 1577 mobilitate
807 1507 958 1566 celerrima
977 1527 1047 1568 essa.

249 1604 353 1668 Quare
380 1624 447 1662 oum
468 1604 498 1662 in
520 1605 626 1663 aethere
647 1614 722 1662 astra
742 1604 907 1681 gignantur,
929 1623 1049 1663 consen·

250 1713 368 1761 taneum
381 1712 433 1774 est,
443 1701 474 1759 iu
488 1701 533 1760 hia
545 1719 660 1758 sensum
672 1701 766 1758 inesse
774 1711 802 1758 et
812 1700 1048 1778 intelligentiam

251 1818 287 1858 ex
307 1818 365 1876 quo
385 1799 568 1871 efficitur,¹iu
588 1797 718 1856 Deorum
738 1816 859 1855 numero
887 1809 970 1859 astra,
988 1817 1050 1857 ease

251 1897 397 1955 ducenda.

210 2092 240 2143 15
292 2087 375 2146 XVI.
404 2088 520 2145 Etenim
533 2087 603 2146 licet
617 2087 714 2145 videre
736 2088 865 2147 acutiora
885 2088 1004 2167 ingenia
1023 2099 1052 2148 et

254 2184 287 2242 ad
309 2184 528 2260 intelligendum
546 2184 655 2260 aptiora
668 2202 778 2255 eorum,
792 2185 841 2260 qui
861 2196 953 2244 terras
973 2187 1052 2244 inoo.

252 2281 313 2340 laut
327 2299 385 2352 eas,
400 2280 429 2338 in
444 2280 549 2355 quibus
563 2285 613 2338 aer
625 2279 663 2337 sit
680 2299 771 2356 purus
791 2299 826 2338 ao
846 2283 951 2355 tenuis,
966 2298 1050 2358 quam

254 2379 378 2450 illorum,
393 2377 442 2454 qui
456 2388 573 2436 utantur
588 2396 685 2435 orasao
705 2378 778 2435 caelo
799 2388 884 2454 atque
905 2391 1050 2438 concreto.

253 2475 337 2538 Quin
357 2475 441 2534 etiam
463 2476 530 2533 oibo
549 2494 607 2550 quo
627 2487 709 2533 utare
729 2475 866 2532 interesse
887 2476 996 2552 aliquid
1017 2476 1050 2534 ad

209 2583 242 2632 20
254 2572 358 2631 mentis
373 2570 465 2629 aciem
484 2581 593 2647 putant.
635 2570 789 2629 Probabile
808 2580 851 2629 est
872 2571 970 2648 igitur,
983 2591 1051 2649 pru·

255 2680 377 2729 stantem
398 2668 619 2745 intelligentiam
639 2669 670 2726 in
690 2667 832 2726 sideribus
852 2687 925 2741 esse,
941 2689 1004 2745 quae
1024 2680 1052 2726 et

255 2767 402 2826 aetheriam
416 2765 515 2822 mundi
535 2777 645 2841 partem
665 2765 805 2836 incolant,
820 2776 848 2823 et
868 2767 987 2824 marinis
1000 2779 1052 2826 ter·

254 2864 389 2940 renisque
409 2861 586 2935 humoribus,
607 2862 695 2940 longo
715 2861 863 2919 intervallo
883 2866 1052 2935 extenuatis,

256 2961 376 3019 alantur.
418 2959 540 3017 Sensum
569 2968 665 3016 autem
686 2968 824 3016 astrorum
847 2969 932 3034 atque
953 2961 1054 3020 intelli-

211 3071 243 3122 25
256 3058 383 3134 gantiam
396 3054 520 3115 maxime
534 3055 662 3114 declarat
675 3055 747 3112 ordo
761 3073 860 3123 eorum
881 3067 968 3132 atque
988 3078 1055 3117 oon·

252 3154 370 3228 stantia,
385 3151 471 3234 (nihil
492 3162 535 3211 est
555 3151 643 3225 enim,
658 3153 735 3228 quod
755 3140 866 3210 ratione
885 3163 916 3211 et
934 3173 1055 3215 numero

239 3253 359 3315 morari
375 3250 485 3337 ‘possit
509 3251 578 3314 siue
602 3249 756 3330 oonsilrob
777 3249 816 3307 iu
837 3265 898 3324 nuo
917 3251 997 3306 mill
1016 3261 1055 3308 u·
