2409 3859
199 444 239 506 68
463 458 506 505 uu
525 458 659 506 unauna
676 458 824 507 proauus.

244 606 343 665 beatus
357 626 420 667 esse
439 626 498 666 nou
518 609 629 686 possiti
669 608 743 669 Heu
761 608 857 669 oratio
875 628 942 669 nou
961 610 1043 669 morlo

244 704 324 764 Deos
344 707 446 783 spoliat
466 721 545 764 motu
566 718 595 765 et
616 713 730 766 actium
749 706 858 780 diviua,
878 708 936 767 sed
962 708 1043 767 etiaut

244 802 375 862 homines
389 803 495 862 inertes
507 804 610 875 efficit3
631 804 656 862 si
676 804 792 879 quidem
814 822 908 882 agens
930 804 1041 883 aliquitl

120 886 140 947 3
243 920 281 959 ne
295 900 375 959 Deus
387 900 513 977 quidem,
529 920 591 959 ease
613 901 712 959 beatus
731 912 834 978 potest.
876 902 993 961 Verum
1013 902 1046 961 uit

214 994 322 1065 osane,
336 1010 368 1056 ut
388 998 482 1069 vultis,
497 997 586 1070 Deus,
607 998 717 1075 effigies
737 997 861 1055 bominis
879 1008 914 1057 et
935 998 1046 1077 imago:

243 1096 320 1172 quod
334 1095 395 1171 ejus
408 1107 451 1152 est
464 1095 665 1153 domiciliuml
681 1114 744 1172 quae
754 1095 859 1153 sedeat
873 1096 928 1171 qui
943 1096 1046 1155 locusl

243 1211 307 1268 quae
326 1192 431 1250 deinde
459 1193 535 1250 actio
561 1193 649 1251 vitant
677 1192 781 1267 quibua
800 1192 898 1265 rebus,
921 1194 954 1251 id
973 1192 1047 1271 quorl

243 1289 337 1357 vultis,
349 1289 449 1346 beatus
462 1291 526 1346 estl
549 1299 644 1347 utatur
658 1289 736 1348 enirn
749 1289 810 1346 auis
822 1288 910 1347 bonis
924 1300 1049 1367 oportet,
1088 1320 1092 1391 p

244 1386 363 1458 fruatur,
385 1386 433 1461 qui
454 1387 554 1443 beatus
574 1386 687 1444 futurus
706 1397 768 1444 esta
794 1404 861 1443 natn
880 1386 971 1447 locus
989 1387 1050 1465 qui·
1089 1396 1092 1495 p

201 1490 231 1542 10
244 1483 308 1541 dem
323 1483 368 1541 bis
381 1484 467 1541 etiam
481 1484 600 1555 naturis,
615 1502 679 1559 quae
692 1485 755 1541 aine
770 1482 873 1541 animis
885 1496 970 1559 sunt,
980 1506 1050 1545 uuus
1089 1504 1092 1547 ε

244 1592 287 1640 est
301 1580 406 1658 cuique
419 1581 560 1658 proprius,
572 1592 605 1638 ut
618 1593 694 1638 terra
707 1580 836 1638 infimum
849 1590 961 1656 teneat,
974 1584 1050 1643 bano
1089 1564 1092 1575 Ι

244 1678 364 1737 inundet
384 1697 475 1754 uqua3
497 1677 626 1753 superior
646 1677 755 1748 etheri,
770 1676 886 1754 ignibus
907 1678 1050 1741 altissima

170 1802 172 1807 v
244 1794 296 1835 ora
321 1776 465 1834 reddatur.
521 1773 681 1832 Bestiarum
707 1784 802 1831 autem
828 1784 954 1835 torrem
981 1788 1050 1837 sunt

245 1873 317 1941 ulioe,
337 1874 439 1949 partina
468 1872 615 1947 aquatiles,
643 1871 706 1928 uliae
733 1870 813 1946 quusi
841 1871 997 1947 aucipites,
1019 1874 1049 1935 in

201 1973 232 2022 15
245 1947 363 2044 utraque
377 1969 446 2026 sede
465 1969 608 2026 viventes:
629 1980 696 2026 sunt
716 1968 846 2044 quaedam
866 1968 969 2044 etiarn,
983 1992 1049 2049 que

245 2065 312 2141 igne
327 2066 406 2122 nasci
428 2075 572 2140 putentur,
595 2075 806 2142 appareantque
826 2066 854 2123 in
877 2066 1049 2129 ardentibus

134 2176 141 2189 ·
245 2161 411 2219 fornacibus
425 2179 500 2237 saepe
513 2161 672 2220 volitantes.
711 2161 823 2224 Quaero
837 2162 936 2239 igitur,
953 2176 1049 2225 vester

244 2256 325 2316 Deus
338 2258 461 2333 primum
475 2258 525 2315 ubi
536 2258 661 2316 habitet:
682 2258 787 2316 deiude
801 2276 864 2333 quae
878 2277 1048 2320 causacum

245 2354 310 2411 loco
331 2365 452 2425 moveat,
474 2354 497 2412 si
525 2355 611 2413 modo
631 2367 760 2412 movetur
781 2355 954 2430 aliquandor
982 2378 1049 2435 pos·

200 2474 232 2524 20
245 2464 427 2523 tremo,·cum
442 2453 498 2509 boc
511 2452 657 2529 proprium
672 2453 708 2510 sit
729 2452 933 2524 animantium,
943 2465 977 2512 ut
997 2456 1048 2516 ali·

245 2550 314 2624 quid
336 2560 478 2625 appetant,
492 2551 568 2624 quod
589 2550 627 2606 sit
646 2561 755 2607 naturae
776 2551 1045 2625 accommodatum

245 2646 326 2704 Deus
340 2647 407 2722 quitl
423 2658 551 2722 appetat:
574 2647 609 2704 ad
630 2666 715 2722 quarn
735 2648 860 2722 denique
879 2666 940 2705 reru
964 2662 1046 2710 motu

245 2744 349 2801 mentis
370 2763 404 2801 ac
424 2743 543 2800 rationis
565 2754 675 2801 utatur:
702 2755 934 2819 postremoque
956 2748 1045 2807 modo

245 2840 405 2910 beatussit,
416 2860 474 2916 quo
488 2840 573 2898 modo
586 2852 724 2898 aeternus:
746 2840 884 2916 quidquid
900 2843 980 2901 enim
995 2845 1046 2903 ho-

201 2948 233 2998 ξ’»
246 2956 309 2995 runt
331 2937 467 3014 attigeris,
482 2937 564 2994 ulcus
579 2948 629 2995 est.
671 2937 716 2995 Ita
736 2938 809 2995 male
830 2938 947 2997 insituta
968 2942 1045 3001 ratio

245 3036 352 3092 exitum
372 3034 496 3110 reperire
522 3053 580 3091 non
600 3044 702 3110 potest.
743 3035 794 3092 Sic
814 3035 891 3092 enim
912 3037 1044 3111 dicebas,

245 3132 370 3206 speciem
384 3131 440 3188 Dei
453 3131 562 3208 percipi
583 3132 767 3208 cogitatione,
783 3151 839 3189 nou
861 3150 964 3190 sensut
987 3154 1045 3194 nec

238 3244 304 3289 esse
323 3227 354 3289 r'u
382 3246 417 3289 ea
439 3228 527 3291 ullam
547 3228 736 3299 soliditatem,
752 3246 849 3300 neque
866 3230 991 3286 eauuem
1007 3232 1047 3289 ad
