2409 3859
437 478 480 525 DE
499 477 633 525 NATURA
652 475 796 549 DEORUM.

217 645 286 704 pere
306 629 382 685 enim
404 627 473 685 mihi
493 626 630 685 videmini
650 626 731 702 quasi
752 637 861 684 vestro·
870 625 935 703 jure
955 644 1016 683 rem

217 724 298 782 nullo
324 726 411 783 modo
437 725 621 802 probabilem.
663 724 780 782 Etenim
800 723 865 799 quis
884 734 943 782 tarn
964 742 1017 782 cae·

219 823 314 880 cusin
335 822 560 898 contemplandis
579 817 665 880 rebus
685 840 809 897 unquam
830 821 894 892 fuit,
908 831 941 879 ut
960 838 1017 879 non

219 917 328 977 videret
347 919 457 1002 species
478 919 545 977 istas
565 919 714 976 hominurn
737 917 855 975 collatas
883 916 912 975 in
939 917 1018 979 Deos

190 1030 206 1079 5
221 1026 269 1074 aut
283 1016 403 1074 consilio
417 1017 541 1092 quodum
561 1015 732 1091 sapientum,
747 1033 804 1090 quo
824 1014 938 1072 facilius
959 1013 1018 1071 nni-

219 1109 282 1172 mos
296 1114 491 1191 imperitorum
506 1113 541 1172 nd
554 1114 683 1171 Deorum
698 1113 806 1170 cultum
818 1131 838 1195 e
850 1111 914 1170 vitae
928 1111 1019 1195 previi

202 1222 278 1292 ¹tate
305 1221 517 1281 converterent;
548 1220 595 1267 aut
623 1208 833 1285 superstitione,
865 1219 896 1265 ut
924 1192 1019 1266 essent

220 1308 382 1378 simulacra,
404 1326 466 1383 quae
488 1316 664 1377 venerantes,
687 1306 766 1363 Deos
786 1305 862 1382 ipsos
882 1324 913 1363 se
942 1305 1019 1363 adire

221 1407 390 1464 crederentl
431 1406 583 1463 Auxerunt
598 1415 693 1463 nutem
713 1404 776 1462 haec
795 1404 894 1462 eadem
915 1407 1018 1480 poete,

177 1523 208 1574 10
220 1503 355 1579 pictores,
370 1502 507 1579 opifices:
528 1511 590 1560 eret
610 1501 688 1560 euim
707 1520 765 1558 non
788 1501 881 1572 facile,
903 1512 1020 1578 agentes

223 1600 329 1676 aliquid
355 1611 384 1658 et
404 1599 556 1658 molientes
575 1599 654 1657 Deos
673 1598 704 1657 in
725 1598 843 1656 aliarum
864 1598 1019 1656 formarum

222 1697 381 1755 imitatione
407 1715 526 1755 servare.
567 1695 702 1754 Accessit
728 1695 817 1755 etiam'
842 1695 896 1752 istu
921 1694 1020 1771 opinio

222 1792 350 1865 sortasse,
379 1794 454 1871 quod
482 1792 591 1851 homini
618 1792 734 1850 homine
767 1791 915 1868 pulchrius
947 1790 1019 1851 nihil

222 1889 359 1950 videatur.
401 1890 459 1948 Sed
479 1900 511 1947 tu
530 1889 596 1961 hoc,
610 1888 738 1965 physice,
752 1905 811 1946 nou
831 1887 921 1964 vides,
934 1906 1019 1964 quem

178 1994 209 2045 15
223 1985 327 2044 blanda
340 1985 522 2044 conciliatrix
541 1995 570 2043 et
590 1983 671 2060 quasi
692 1984 736 2042 sui
757 1984 795 2043 sit
814 1985 880 2042 l'ena
899 1985 1021 2044 natural

145 2089 150 2099 ’
223 2082 271 2140 An
285 2092 369 2159 putas
381 2081 470 2140 ullam
489 2099 553 2140 esse
573 2091 650 2139 terra
670 2080 798 2157 merique
813 2081 943 2153 heluam,
958 2100 1021 2157 quc

223 2197 282 2237 non
295 2179 340 2237 sui
354 2178 468 2257 generis
482 2177 704 2253 belunrnaxime
717 2178 898 2239 delectetur?
931 2177 1022 2240 Quod

223 2275 254 2333 ni
268 2275 308 2334 ita
321 2285 405 2347 esset,
420 2294 472 2332 cur
484 2293 543 2332 nou
556 2264 675 2353 g'e'stiiet'
688 2258 786 2332 taurus
799 2293 879 2350 equae
893 2285 1023 2333 contrec-

224 2372 342 2446 tatione,
356 2391 447 2448 equus
466 2372 580 2430 vaccael
621 2370 670 2429 An
690 2381 721 2429 tu
743 2371 875 2447 aquilam,
897 2380 946 2429 nut
966 2371 1023 2431 leo·

179 2481 212 2532 20
224 2488 301 2543 nem,
316 2479 364 2527 aut
377 2467 544 2546 delphinum
564 2467 651 2526 ullam
672 2462 813 2525 anteferre
832 2485 934 2525 censes
953 2463 1024 2545 ligu-

225 2587 285 2626 ram
312 2567 391 2625 suael
430 2565 513 2629 Quid
540 2564 627 2643 igitur
654 2563 767 2636 mirum,
788 2563 812 2622 si
839 2563 896 2621 hoc
922 2565 1023 2624 eodem

225 2665 312 2723 modo
326 2663 434 2722 homini
448 2674 551 2720 natura
563 2660 746 2740 prescripsit,
761 2671 793 2719 ut
806 2661 877 2719 nihil
897 2661 1024 2738 pulchri·

227 2781 270 2822 us.
291 2779 376 2837 quum
397 2760 543 2818 homiuem
571 2769 693 2837 putaret,
720 2776 785 2816 eum
811 2777 875 2817 esse
895 2777 1023 2830 causam,

110 2836 163 2918 ll
227 2877 278 2915 cur
299 2859 377 2916 Deos
397 2857 546 2915 hominum
566 2855 674 2914 similes
696 2855 880 2930 putaremusl
920 2854 1025 2917 Quidl

181 2970 213 3021 25
227 2973 339 3028 censes,
354 2955 378 3013 si
392 2955 465 3013 ratio
485 2964 560 3012 esset
579 2953 610 3011 in
630 2953 731 3025 beluis,
744 2968 803 3011 non
823 2968 876 3010 suo
896 2969 1025 3027 quasque

227 3052 326 3129 generi
337 3051 493 3128 plurimum
506 3050 662 3108 tributuras
676 3049 784 3108 fuisset

254 3242 407 3307 xxvm
440 3245 483 3306 At
503 3192 672 3306 mehercule
690 3259 746 3320 ego
763 3239 878 3316 &dicem
892 3240 1027 3312 enimet
