<?xml version="1.0" encoding="UTF-8"?>
<!DOCTYPE html PUBLIC "-//W3C//DTD XHTML 1.0 Transitional//EN"
    "http://www.w3.org/TR/xhtml1/DTD/xhtml1-transitional.dtd">
<html xmlns="http://www.w3.org/1999/xhtml" xml:lang="en" lang="en">
 <head>
  <title>
</title>
<meta http-equiv="Content-Type" content="text/html;charset=utf-8" />
  <meta name='ocr-system' content='tesseract 3.04.00' />
  <meta name='ocr-capabilities' content='ocr_page ocr_carea ocr_par ocr_line ocrx_word'/>
</head>
<body>
  <div class='ocr_page' id='page_1' title='image "./mtciceronisdena00cicegoog_0104.png"; bbox 0 0 2409 3859; ppageno 0'>
   <div class='ocr_carea' id='block_1_1' title="bbox 221 462 845 543">
    <p class='ocr_par' dir='ltr' id='par_1_1' title="bbox 221 462 845 543">
     <span class='ocr_line' id='line_1_1' title="bbox 221 462 845 543; baseline 0 -2"><span class='ocrx_word' id='word_1_1' title='bbox 221 462 278 541; x_wconf 62' lang='grc' dir='ltr'><strong>ω’</strong></span> <span class='ocrx_word' id='word_1_2' title='bbox 486 495 530 542; x_wconf 83' lang='lat' dir='ltr'><strong>oa</strong></span> <span class='ocrx_word' id='word_1_3' title='bbox 546 495 682 543; x_wconf 75' lang='lat' dir='ltr'><strong>namma</strong></span> <span class='ocrx_word' id='word_1_4' title='bbox 699 494 845 542; x_wconf 73' lang='lat' dir='ltr'><strong>onosma</strong></span> 
     </span>
    </p>
   </div>
   <div class='ocr_carea' id='block_1_2' title="bbox 238 642 1064 1111">
    <p class='ocr_par' dir='ltr' id='par_1_2' title="bbox 267 642 1062 720">
     <span class='ocr_line' id='line_1_2' title="bbox 267 642 1062 720; baseline 0.005 -21"><span class='ocrx_word' id='word_1_5' title='bbox 267 644 468 712; x_wconf 82' lang='lat' dir='ltr'><strong>constantiam,</strong></span> <span class='ocrx_word' id='word_1_6' title='bbox 483 664 520 703; x_wconf 86' lang='lat' dir='ltr'><strong>ex</strong></span> <span class='ocrx_word' id='word_1_7' title='bbox 534 665 590 720; x_wconf 91' lang='lat' dir='ltr'><strong>qua</strong></span> <span class='ocrx_word' id='word_1_8' title='bbox 604 644 782 703; x_wconf 80' lang='lat' dir='ltr'><strong>conservatio</strong></span> <span class='ocrx_word' id='word_1_9' title='bbox 796 656 825 702; x_wconf 91' lang='lat' dir='ltr'><strong>et</strong></span> <span class='ocrx_word' id='word_1_10' title='bbox 838 642 916 702; x_wconf 88' lang='lat' dir='ltr'><strong>salus</strong></span> <span class='ocrx_word' id='word_1_11' title='bbox 936 644 1062 705; x_wconf 88' lang='lat' dir='ltr'><strong>omnium</strong></span> 
     </span>
    </p>

    <p class='ocr_par' dir='ltr' id='par_1_3' title="bbox 267 740 1064 818">
     <span class='ocr_line' id='line_1_3' title="bbox 267 740 1064 818; baseline 0.005 -22"><span class='ocrx_word' id='word_1_12' title='bbox 267 741 360 798; x_wconf 92' lang='lat' dir='ltr'><strong>omnis</strong></span> <span class='ocrx_word' id='word_1_13' title='bbox 374 742 474 814; x_wconf 89' lang='lat' dir='ltr'><strong>oritur,</strong></span> <span class='ocrx_word' id='word_1_14' title='bbox 488 742 536 818; x_wconf 89' lang='lat' dir='ltr'><strong>qui</strong></span> <span class='ocrx_word' id='word_1_15' title='bbox 550 761 653 800; x_wconf 89' lang='lat' dir='ltr'><strong>vacare</strong></span> <span class='ocrx_word' id='word_1_16' title='bbox 666 753 760 799; x_wconf 90' lang='lat' dir='ltr'><strong>mente</strong></span> <span class='ocrx_word' id='word_1_17' title='bbox 772 751 863 817; x_wconf 87' lang='lat' dir='ltr'><strong>putat,</strong></span> <span class='ocrx_word' id='word_1_18' title='bbox 875 740 901 799; x_wconf 91' lang='lat' dir='ltr'><strong>is</strong></span> <span class='ocrx_word' id='word_1_19' title='bbox 915 741 977 818; x_wconf 90' lang='lat' dir='ltr'><strong>ipse</strong></span> <span class='ocrx_word' id='word_1_20' title='bbox 990 760 1064 800; x_wconf 88' lang='lat' dir='ltr'><strong>meu·</strong></span> 
     </span>
    </p>

    <p class='ocr_par' dir='ltr' id='par_1_4' title="bbox 266 836 1063 916">
     <span class='ocr_line' id='line_1_4' title="bbox 266 836 1063 916; baseline 0.006 -24"><span class='ocrx_word' id='word_1_21' title='bbox 266 836 304 893; x_wconf 90' lang='lat' dir='ltr'><strong>tis</strong></span> <span class='ocrx_word' id='word_1_22' title='bbox 318 857 417 915; x_wconf 87' lang='lat' dir='ltr'>expers</span> <span class='ocrx_word' id='word_1_23' title='bbox 438 839 586 897; x_wconf 88' lang='lat' dir='ltr'><strong>habendus</strong></span> <span class='ocrx_word' id='word_1_24' title='bbox 606 851 657 897; x_wconf 86' lang='lat' dir='ltr'><strong>est</strong></span> <span class='ocrx_word' id='word_1_25' title='bbox 699 838 787 896; x_wconf 84' lang='lat' dir='ltr'>Haud</span> <span class='ocrx_word' id='word_1_26' title='bbox 806 856 886 916; x_wconf 85' lang='lat' dir='ltr'><strong>ergo,</strong></span> <span class='ocrx_word' id='word_1_27' title='bbox 902 849 935 897; x_wconf 91' lang='lat' dir='ltr'><strong>ut</strong></span> <span class='ocrx_word' id='word_1_28' title='bbox 955 839 1063 916; x_wconf 87' lang='lat' dir='ltr'><strong>opinor,</strong></span> 
     </span>
    </p>

    <p class='ocr_par' dir='ltr' id='par_1_5' title="bbox 238 937 1063 1111">
     <span class='ocr_line' id='line_1_5' title="bbox 268 937 1063 1014; baseline 0.006 -23"><span class='ocrx_word' id='word_1_29' title='bbox 268 952 409 1006; x_wconf 82' lang='lat' dir='ltr'><strong>erravero,</strong></span> <span class='ocrx_word' id='word_1_30' title='bbox 437 937 460 993; x_wconf 89' lang='lat' dir='ltr'><strong>si</strong></span> <span class='ocrx_word' id='word_1_31' title='bbox 489 956 506 994; x_wconf 89' lang='lat' dir='ltr'><strong>a</strong></span> <span class='ocrx_word' id='word_1_32' title='bbox 532 938 663 1014; x_wconf 80' lang='lat' dir='ltr'><strong>principe</strong></span> <span class='ocrx_word' id='word_1_33' title='bbox 689 937 894 1014; x_wconf 80' lang='lat' dir='ltr'><strong>investigandae</strong></span> <span class='ocrx_word' id='word_1_34' title='bbox 929 938 1063 1010; x_wconf 83' lang='lat' dir='ltr'><strong>veritatis,</strong></span> 
     </span>
     <span class='ocr_line' id='line_1_6' title="bbox 238 1030 900 1111; baseline 0.005 -21"><span class='ocrx_word' id='word_1_35' title='bbox 238 1030 352 1108; x_wconf 64' lang='lat' dir='ltr'><strong>§hujus</strong></span> <span class='ocrx_word' id='word_1_36' title='bbox 372 1033 571 1108; x_wconf 85' lang='lat' dir='ltr'><strong>disputationis</strong></span> <span class='ocrx_word' id='word_1_37' title='bbox 590 1034 763 1111; x_wconf 90' lang='lat' dir='ltr'><strong>principium</strong></span> <span class='ocrx_word' id='word_1_38' title='bbox 782 1033 900 1093; x_wconf 89' lang='lat' dir='ltr'><strong>duxero.</strong></span> 
     </span>
    </p>
   </div>
   <div class='ocr_carea' id='block_1_3' title="bbox 268 1228 1064 1501">
    <p class='ocr_par' dir='ltr' id='par_1_6' title="bbox 268 1228 1064 1501">
     <span class='ocr_line' id='line_1_7' title="bbox 307 1228 1063 1307; baseline 0.005 -22"><span class='ocrx_word' id='word_1_39' title='bbox 307 1228 407 1286; x_wconf 85' lang='lat' dir='ltr'>XXII.</span> <span class='ocrx_word' id='word_1_40' title='bbox 435 1229 520 1286; x_wconf 90' lang='lat' dir='ltr'><strong>Zeno</strong></span> <span class='ocrx_word' id='word_1_41' title='bbox 534 1229 621 1307; x_wconf 85' lang='lat' dir='ltr'><strong>igitur</strong></span> <span class='ocrx_word' id='word_1_42' title='bbox 634 1245 765 1289; x_wconf 85' lang='lat' dir='ltr'><strong>naturam</strong></span> <span class='ocrx_word' id='word_1_43' title='bbox 779 1229 820 1288; x_wconf 87' lang='lat' dir='ltr'><strong>ita</strong></span> <span class='ocrx_word' id='word_1_44' title='bbox 833 1230 944 1302; x_wconf 87' lang='lat' dir='ltr'><strong>definit,</strong></span> <span class='ocrx_word' id='word_1_45' title='bbox 959 1242 991 1289; x_wconf 92' lang='lat' dir='ltr'><strong>ut</strong></span> <span class='ocrx_word' id='word_1_46' title='bbox 1003 1249 1063 1290; x_wconf 89' lang='lat' dir='ltr'><strong>eam</strong></span> 
     </span>
     <span class='ocr_line' id='line_1_8' title="bbox 268 1324 1064 1406; baseline 0.005 -24"><span class='ocrx_word' id='word_1_47' title='bbox 268 1324 346 1383; x_wconf 90' lang='lat' dir='ltr'><strong>dicat</strong></span> <span class='ocrx_word' id='word_1_48' title='bbox 367 1326 543 1401; x_wconf 78' lang='lat' dir='ltr'><strong>ignemesse</strong></span> <span class='ocrx_word' id='word_1_49' title='bbox 558 1328 742 1384; x_wconf 86' lang='lat' dir='ltr'><strong>artificiosum</strong></span> <span class='ocrx_word' id='word_1_50' title='bbox 758 1327 793 1384; x_wconf 91' lang='lat' dir='ltr'><strong>ad</strong></span> <span class='ocrx_word' id='word_1_51' title='bbox 806 1327 986 1405; x_wconf 85' lang='lat' dir='ltr'><strong>gignendum</strong></span> <span class='ocrx_word' id='word_1_52' title='bbox 1003 1346 1064 1406; x_wconf 91' lang='lat' dir='ltr'><strong>pro·</strong></span> 
     </span>
     <span class='ocr_line' id='line_1_9' title="bbox 268 1421 1064 1501; baseline 0.004 -24"><span class='ocrx_word' id='word_1_53' title='bbox 268 1421 444 1497; x_wconf 85' lang='lat' dir='ltr'><strong>gredientem</strong></span> <span class='ocrx_word' id='word_1_54' title='bbox 459 1422 521 1479; x_wconf 84' lang='lat' dir='ltr'><strong>via:</strong></span> <span class='ocrx_word' id='word_1_55' title='bbox 543 1433 641 1481; x_wconf 86' lang='lat' dir='ltr'><strong>censet</strong></span> <span class='ocrx_word' id='word_1_56' title='bbox 651 1423 728 1482; x_wconf 90' lang='lat' dir='ltr'><strong>enim</strong></span> <span class='ocrx_word' id='word_1_57' title='bbox 744 1422 810 1480; x_wconf 88' lang='lat' dir='ltr'><strong>artis</strong></span> <span class='ocrx_word' id='word_1_58' title='bbox 824 1424 948 1482; x_wconf 81' lang='lat' dir='ltr'><strong>maxime</strong></span> <span class='ocrx_word' id='word_1_59' title='bbox 961 1423 1064 1501; x_wconf 88' lang='lat' dir='ltr'><strong>propri·</strong></span> 
     </span>
    </p>
   </div>
   <div class='ocr_carea' id='block_1_4' title="bbox 130 1519 1063 1597">
    <p class='ocr_par' dir='ltr' id='par_1_7' title="bbox 130 1519 1063 1597">
     <span class='ocr_line' id='line_1_10' title="bbox 130 1519 1063 1597; baseline 0.006 -24"><span class='ocrx_word' id='word_1_60' title='bbox 130 1548 133 1553; x_wconf 90' lang='lat'>·</span> <span class='ocrx_word' id='word_1_61' title='bbox 216 1560 218 1565; x_wconf 82' lang='grc'>.</span> <span class='ocrx_word' id='word_1_62' title='bbox 269 1536 317 1574; x_wconf 91' lang='lat' dir='ltr'><strong>um</strong></span> <span class='ocrx_word' id='word_1_63' title='bbox 332 1537 403 1590; x_wconf 90' lang='lat' dir='ltr'><strong>esse,</strong></span> <span class='ocrx_word' id='word_1_64' title='bbox 418 1538 516 1577; x_wconf 88' lang='lat' dir='ltr'><strong>creare</strong></span> <span class='ocrx_word' id='word_1_65' title='bbox 530 1529 558 1577; x_wconf 90' lang='lat' dir='ltr'><strong>et</strong></span> <span class='ocrx_word' id='word_1_66' title='bbox 577 1519 713 1597; x_wconf 83' lang='lat' dir='ltr'><strong>gignere3</strong></span> <span class='ocrx_word' id='word_1_67' title='bbox 734 1519 867 1594; x_wconf 87' lang='lat' dir='ltr'><strong>quodque</strong></span> <span class='ocrx_word' id='word_1_68' title='bbox 888 1520 918 1577; x_wconf 92' lang='lat' dir='ltr'><strong>in</strong></span> <span class='ocrx_word' id='word_1_69' title='bbox 933 1521 1063 1596; x_wconf 89' lang='lat' dir='ltr'><strong>operibus</strong></span> 
     </span>
    </p>
   </div>
   <div class='ocr_carea' id='block_1_5' title="bbox 224 1614 1072 3340">
    <p class='ocr_par' dir='ltr' id='par_1_8' title="bbox 224 1614 1072 3340">
     <span class='ocr_line' id='line_1_11' title="bbox 227 1614 1062 1686; baseline 0.004 -15"><span class='ocrx_word' id='word_1_70' title='bbox 227 1619 256 1671; x_wconf 87' lang='lat' dir='ltr'><strong>to</strong></span> <span class='ocrx_word' id='word_1_71' title='bbox 270 1614 372 1672; x_wconf 86' lang='lat' dir='ltr'><strong>artium</strong></span> <span class='ocrx_word' id='word_1_72' title='bbox 386 1630 545 1673; x_wconf 90' lang='lat' dir='ltr'><strong>nostrarum</strong></span> <span class='ocrx_word' id='word_1_73' title='bbox 567 1635 669 1672; x_wconf 90' lang='lat' dir='ltr'><strong>manus</strong></span> <span class='ocrx_word' id='word_1_74' title='bbox 688 1615 803 1686; x_wconf 89' lang='lat' dir='ltr'><strong>efficiat,</strong></span> <span class='ocrx_word' id='word_1_75' title='bbox 819 1614 849 1672; x_wconf 93' lang='lat' dir='ltr'><strong>id</strong></span> <span class='ocrx_word' id='word_1_76' title='bbox 869 1617 962 1675; x_wconf 92' lang='lat' dir='ltr'><strong>multo</strong></span> <span class='ocrx_word' id='word_1_77' title='bbox 984 1616 1062 1674; x_wconf 84' lang='lat' dir='ltr'><strong>artifi-</strong></span> 
     </span>
     <span class='ocr_line' id='line_1_12' title="bbox 269 1711 1062 1792; baseline 0.001 -23"><span class='ocrx_word' id='word_1_78' title='bbox 269 1711 375 1770; x_wconf 88' lang='lat' dir='ltr'><strong>ciosius</strong></span> <span class='ocrx_word' id='word_1_79' title='bbox 401 1723 531 1771; x_wconf 88' lang='lat' dir='ltr'><strong>naturam</strong></span> <span class='ocrx_word' id='word_1_80' title='bbox 559 1713 681 1783; x_wconf 89' lang='lat' dir='ltr'><strong>efficere,</strong></span> <span class='ocrx_word' id='word_1_81' title='bbox 704 1712 805 1783; x_wconf 82' lang='lat' dir='ltr'><strong>idest,</strong></span> <span class='ocrx_word' id='word_1_82' title='bbox 827 1723 859 1769; x_wconf 92' lang='lat' dir='ltr'><strong>ut</strong></span> <span class='ocrx_word' id='word_1_83' title='bbox 879 1713 950 1784; x_wconf 83' lang='lat' dir='ltr'><strong>dixi,</strong></span> <span class='ocrx_word' id='word_1_84' title='bbox 972 1713 1062 1792; x_wconf 80' lang='lat' dir='ltr'><strong>ignem</strong></span> 
     </span>
     <span class='ocr_line' id='line_1_13' title="bbox 270 1809 1063 1887; baseline 0.001 -21"><span class='ocrx_word' id='word_1_85' title='bbox 270 1809 465 1881; x_wconf 84' lang='lat' dir='ltr'><strong>artificiosum,</strong></span> <span class='ocrx_word' id='word_1_86' title='bbox 481 1811 647 1887; x_wconf 85' lang='lat' dir='ltr'><strong>magistrum</strong></span> <span class='ocrx_word' id='word_1_87' title='bbox 669 1810 771 1867; x_wconf 90' lang='lat' dir='ltr'><strong>artium</strong></span> <span class='ocrx_word' id='word_1_88' title='bbox 792 1809 976 1884; x_wconf 86' lang='lat' dir='ltr'><strong>reliquarum.</strong></span> <span class='ocrx_word' id='word_1_89' title='bbox 1016 1810 1063 1868; x_wconf 82' lang='lat' dir='ltr'><strong>At·</strong></span> 
     </span>
     <span class='ocr_line' id='line_1_14' title="bbox 269 1906 1063 1981; baseline 0.003 -19"><span class='ocrx_word' id='word_1_90' title='bbox 269 1923 324 1979; x_wconf 90' lang='lat' dir='ltr'><strong>que</strong></span> <span class='ocrx_word' id='word_1_91' title='bbox 339 1907 393 1963; x_wconf 89' lang='lat' dir='ltr'><strong>hac</strong></span> <span class='ocrx_word' id='word_1_92' title='bbox 414 1907 528 1981; x_wconf 91' lang='lat' dir='ltr'><strong>quidem</strong></span> <span class='ocrx_word' id='word_1_93' title='bbox 549 1906 659 1964; x_wconf 88' lang='lat' dir='ltr'><strong>ratione</strong></span> <span class='ocrx_word' id='word_1_94' title='bbox 678 1906 772 1963; x_wconf 89' lang='lat' dir='ltr'><strong>omnis</strong></span> <span class='ocrx_word' id='word_1_95' title='bbox 792 1919 895 1963; x_wconf 86' lang='lat' dir='ltr'><strong>natura</strong></span> <span class='ocrx_word' id='word_1_96' title='bbox 915 1907 1063 1965; x_wconf 83' lang='lat' dir='ltr'><strong>artificiosa</strong></span> 
     </span>
     <span class='ocr_line' id='line_1_15' title="bbox 269 2002 1062 2078; baseline 0.005 -21"><span class='ocrx_word' id='word_1_97' title='bbox 269 2012 321 2072; x_wconf 87' lang='lat' dir='ltr'><strong>est,</strong></span> <span class='ocrx_word' id='word_1_98' title='bbox 344 2003 420 2076; x_wconf 92' lang='lat' dir='ltr'><strong>quod</strong></span> <span class='ocrx_word' id='word_1_99' title='bbox 443 2003 527 2059; x_wconf 86' lang='lat' dir='ltr'><strong>habet</strong></span> <span class='ocrx_word' id='word_1_100' title='bbox 549 2003 630 2077; x_wconf 85' lang='lat' dir='ltr'><strong>quasi</strong></span> <span class='ocrx_word' id='word_1_101' title='bbox 650 2003 725 2060; x_wconf 86' lang='lat' dir='ltr'><strong>viam</strong></span> <span class='ocrx_word' id='word_1_102' title='bbox 746 2002 889 2078; x_wconf 90' lang='lat' dir='ltr'><strong>quandam</strong></span> <span class='ocrx_word' id='word_1_103' title='bbox 910 2013 940 2061; x_wconf 91' lang='lat' dir='ltr'><strong>et</strong></span> <span class='ocrx_word' id='word_1_104' title='bbox 960 2015 1062 2062; x_wconf 84' lang='lat' dir='ltr'><strong>sectam</strong></span> 
     </span>
     <span class='ocr_line' id='line_1_16' title="bbox 226 2098 1064 2175; baseline 0.006 -22"><span class='ocrx_word' id='word_1_105' title='bbox 226 2104 256 2153; x_wconf 83' lang='lat'><strong>15</strong></span> <span class='ocrx_word' id='word_1_106' title='bbox 269 2116 354 2170; x_wconf 86' lang='lat' dir='ltr'><strong>quam</strong></span> <span class='ocrx_word' id='word_1_107' title='bbox 375 2109 517 2172; x_wconf 90' lang='lat' dir='ltr'><strong>sequatur.</strong></span> <span class='ocrx_word' id='word_1_108' title='bbox 558 2098 653 2173; x_wconf 87' lang='lat' dir='ltr'><strong>Ipsius</strong></span> <span class='ocrx_word' id='word_1_109' title='bbox 673 2099 870 2171; x_wconf 82' lang='lat' dir='ltr'><strong>veromandi,</strong></span> <span class='ocrx_word' id='word_1_110' title='bbox 893 2100 945 2175; x_wconf 91' lang='lat' dir='ltr'><strong>qui</strong></span> <span class='ocrx_word' id='word_1_111' title='bbox 972 2100 1064 2158; x_wconf 86' lang='lat' dir='ltr'><strong>omniu</strong></span> 
     </span>
     <span class='ocr_line' id='line_1_17' title="bbox 269 2195 1064 2268; baseline 0.006 -17"><span class='ocrx_word' id='word_1_112' title='bbox 269 2195 419 2268; x_wconf 89' lang='lat' dir='ltr'><strong>complexu</strong></span> <span class='ocrx_word' id='word_1_113' title='bbox 434 2213 486 2250; x_wconf 90' lang='lat' dir='ltr'><strong>suo</strong></span> <span class='ocrx_word' id='word_1_114' title='bbox 501 2198 618 2252; x_wconf 73' lang='lat' dir='ltr'><strong>coercet</strong></span> <span class='ocrx_word' id='word_1_115' title='bbox 632 2205 660 2252; x_wconf 91' lang='lat' dir='ltr'><strong>et</strong></span> <span class='ocrx_word' id='word_1_116' title='bbox 669 2197 807 2267; x_wconf 87' lang='lat' dir='ltr'><strong>continet,</strong></span> <span class='ocrx_word' id='word_1_117' title='bbox 817 2209 919 2254; x_wconf 87' lang='lat' dir='ltr'><strong>natura</strong></span> <span class='ocrx_word' id='word_1_118' title='bbox 929 2215 990 2256; x_wconf 90' lang='lat' dir='ltr'><strong>non</strong></span> <span class='ocrx_word' id='word_1_119' title='bbox 1005 2195 1064 2255; x_wconf 87' lang='lat' dir='ltr'><strong>arti·</strong></span> 
     </span>
     <span class='ocr_line' id='line_1_18' title="bbox 269 2288 1063 2367; baseline 0.006 -21"><span class='ocrx_word' id='word_1_120' title='bbox 269 2288 368 2346; x_wconf 86' lang='lat' dir='ltr'><strong>ficiosa</strong></span> <span class='ocrx_word' id='word_1_121' title='bbox 382 2290 485 2362; x_wconf 89' lang='lat' dir='ltr'><strong>solum,</strong></span> <span class='ocrx_word' id='word_1_122' title='bbox 500 2291 550 2347; x_wconf 88' lang='lat' dir='ltr'><strong>sed</strong></span> <span class='ocrx_word' id='word_1_123' title='bbox 564 2291 649 2367; x_wconf 88' lang='lat' dir='ltr'><strong>plane</strong></span> <span class='ocrx_word' id='word_1_124' title='bbox 664 2292 763 2349; x_wconf 77' lang='lat' dir='ltr'><strong>artifex</strong></span> <span class='ocrx_word' id='word_1_125' title='bbox 779 2292 814 2350; x_wconf 89' lang='lat' dir='ltr'><strong>ab</strong></span> <span class='ocrx_word' id='word_1_126' title='bbox 827 2293 929 2350; x_wconf 89' lang='lat' dir='ltr'><strong>eodem</strong></span> <span class='ocrx_word' id='word_1_127' title='bbox 944 2293 1063 2353; x_wconf 77' lang='lat' dir='ltr'><strong>Zenone</strong></span> 
     </span>
     <span class='ocr_line' id='line_1_19' title="bbox 269 2385 1064 2467; baseline 0.009 -26"><span class='ocrx_word' id='word_1_128' title='bbox 269 2385 383 2456; x_wconf 89' lang='lat' dir='ltr'><strong>dicitur,</strong></span> <span class='ocrx_word' id='word_1_129' title='bbox 399 2386 557 2444; x_wconf 82' lang='lat' dir='ltr'><strong>consultrix</strong></span> <span class='ocrx_word' id='word_1_130' title='bbox 570 2397 599 2444; x_wconf 86' lang='lat' dir='ltr'><strong>et</strong></span> <span class='ocrx_word' id='word_1_131' title='bbox 618 2388 737 2463; x_wconf 90' lang='lat' dir='ltr'><strong>provida</strong></span> <span class='ocrx_word' id='word_1_132' title='bbox 758 2389 911 2446; x_wconf 81' lang='lat' dir='ltr'><strong>utilitatum</strong></span> <span class='ocrx_word' id='word_1_133' title='bbox 935 2402 1064 2467; x_wconf 91' lang='lat' dir='ltr'><strong>opportu-</strong></span> 
     </span>
     <span class='ocr_line' id='line_1_20' title="bbox 269 2481 1064 2559; baseline 0.01 -22"><span class='ocrx_word' id='word_1_134' title='bbox 269 2481 446 2556; x_wconf 86' lang='lat' dir='ltr'><strong>nitatumque</strong></span> <span class='ocrx_word' id='word_1_135' title='bbox 466 2483 603 2541; x_wconf 91' lang='lat' dir='ltr'><strong>omnium.</strong></span> <span class='ocrx_word' id='word_1_136' title='bbox 645 2484 743 2559; x_wconf 90' lang='lat' dir='ltr'><strong>Atque</strong></span> <span class='ocrx_word' id='word_1_137' title='bbox 770 2496 801 2542; x_wconf 92' lang='lat' dir='ltr'><strong>ut</strong></span> <span class='ocrx_word' id='word_1_138' title='bbox 828 2496 932 2543; x_wconf 72' lang='lat' dir='ltr'><strong>ceterae</strong></span> <span class='ocrx_word' id='word_1_139' title='bbox 959 2498 1064 2545; x_wconf 73' lang='lat' dir='ltr'><strong>natura</strong></span> 
     </span>
     <span class='ocr_line' id='line_1_21' title="bbox 224 2579 1063 2662; baseline 0.006 -25"><span class='ocrx_word' id='word_1_140' title='bbox 224 2579 328 2637; x_wconf 72' lang='lat' dir='ltr'><strong>msuis</strong></span> <span class='ocrx_word' id='word_1_141' title='bbox 355 2580 512 2638; x_wconf 90' lang='lat' dir='ltr'><strong>seminibus</strong></span> <span class='ocrx_word' id='word_1_142' title='bbox 545 2601 667 2657; x_wconf 84' lang='lat' dir='ltr'><strong>quaeque</strong></span> <span class='ocrx_word' id='word_1_143' title='bbox 700 2583 866 2660; x_wconf 82' lang='lat' dir='ltr'><strong>gignuntur,</strong></span> <span class='ocrx_word' id='word_1_144' title='bbox 896 2594 1063 2662; x_wconf 82' lang='lat' dir='ltr'><strong>augescunt,</strong></span> 
     </span>
     <span class='ocr_line' id='line_1_22' title="bbox 269 2678 1064 2742; baseline 0.01 -8"><span class='ocrx_word' id='word_1_145' title='bbox 269 2678 471 2735; x_wconf 85' lang='lat' dir='ltr'><strong>continentur:</strong></span> <span class='ocrx_word' id='word_1_146' title='bbox 506 2680 549 2736; x_wconf 92' lang='lat' dir='ltr'><strong>sic</strong></span> <span class='ocrx_word' id='word_1_147' title='bbox 575 2690 679 2738; x_wconf 88' lang='lat' dir='ltr'><strong>natura</strong></span> <span class='ocrx_word' id='word_1_148' title='bbox 712 2681 810 2738; x_wconf 88' lang='lat' dir='ltr'><strong>mundi</strong></span> <span class='ocrx_word' id='word_1_149' title='bbox 844 2700 947 2741; x_wconf 86' lang='lat' dir='ltr'><strong>omnes</strong></span> <span class='ocrx_word' id='word_1_150' title='bbox 975 2695 1064 2742; x_wconf 86' lang='lat' dir='ltr'><strong>motus</strong></span> 
     </span>
     <span class='ocr_line' id='line_1_23' title="bbox 270 2771 1063 2852; baseline 0.014 -26"><span class='ocrx_word' id='word_1_151' title='bbox 270 2771 355 2830; x_wconf 89' lang='lat' dir='ltr'><strong>habet</strong></span> <span class='ocrx_word' id='word_1_152' title='bbox 384 2772 559 2830; x_wconf 87' lang='lat' dir='ltr'><strong>voluntarios</strong></span> <span class='ocrx_word' id='word_1_153' title='bbox 596 2787 783 2850; x_wconf 84' lang='lat' dir='ltr'><strong>conaturque,</strong></span> <span class='ocrx_word' id='word_1_154' title='bbox 811 2787 839 2833; x_wconf 89' lang='lat' dir='ltr'><strong>et</strong></span> <span class='ocrx_word' id='word_1_155' title='bbox 867 2779 1063 2852; x_wconf 80' lang='lat' dir='ltr'><strong>appetitiones,</strong></span> 
     </span>
     <span class='ocr_line' id='line_1_24' title="bbox 270 2869 1065 2944; baseline 0.01 -20"><span class='ocrx_word' id='word_1_156' title='bbox 270 2886 340 2941; x_wconf 88' lang='lat' dir='ltr'><strong>quas</strong></span> <span class='ocrx_word' id='word_1_157' title='bbox 367 2869 450 2941; x_wconf 70' lang='grc' dir='ltr'><strong><em>ὁρμὰς</em></strong></span> <span class='ocrx_word' id='word_1_158' title='bbox 471 2869 567 2927; x_wconf 79' lang='lat' dir='ltr'><strong>Graeci</strong></span> <span class='ocrx_word' id='word_1_159' title='bbox 596 2883 711 2944; x_wconf 89' lang='lat' dir='ltr'><strong>vocant,</strong></span> <span class='ocrx_word' id='word_1_160' title='bbox 732 2883 761 2930; x_wconf 89' lang='lat' dir='ltr'><strong>et</strong></span> <span class='ocrx_word' id='word_1_161' title='bbox 787 2871 832 2929; x_wconf 92' lang='lat' dir='ltr'><strong>his</strong></span> <span class='ocrx_word' id='word_1_162' title='bbox 859 2884 1065 2932; x_wconf 84' lang='lat' dir='ltr'><strong>consentaneas</strong></span> 
     </span>
     <span class='ocr_line' id='line_1_25' title="bbox 270 2965 1065 3044; baseline 0.008 -23"><span class='ocrx_word' id='word_1_163' title='bbox 270 2965 399 3022; x_wconf 84' lang='lat' dir='ltr'><strong>actiones</strong></span> <span class='ocrx_word' id='word_1_164' title='bbox 418 2967 460 3022; x_wconf 88' lang='lat' dir='ltr'><strong>sic</strong></span> <span class='ocrx_word' id='word_1_165' title='bbox 482 2966 608 3039; x_wconf 88' lang='lat' dir='ltr'><strong>adhibet,</strong></span> <span class='ocrx_word' id='word_1_166' title='bbox 630 2979 663 3026; x_wconf 90' lang='lat' dir='ltr'><strong>ut</strong></span> <span class='ocrx_word' id='word_1_167' title='bbox 690 2967 865 3042; x_wconf 87' lang='lat' dir='ltr'><strong>nosmetipsi,</strong></span> <span class='ocrx_word' id='word_1_168' title='bbox 886 2969 936 3044; x_wconf 91' lang='lat' dir='ltr'><strong>qui</strong></span> <span class='ocrx_word' id='word_1_169' title='bbox 966 2970 1065 3029; x_wconf 90' lang='lat' dir='ltr'><strong>animis</strong></span> 
     </span>
     <span class='ocr_line' id='line_1_26' title="bbox 226 3063 1065 3144; baseline 0.007 -27"><span class='ocrx_word' id='word_1_170' title='bbox 226 3067 256 3117; x_wconf 60' lang='grc' dir='ltr'>ὅ</span> <span class='ocrx_word' id='word_1_171' title='bbox 270 3081 416 3119; x_wconf 76' lang='lat' dir='ltr'><strong>irroremur</strong></span> <span class='ocrx_word' id='word_1_172' title='bbox 430 3072 457 3119; x_wconf 87' lang='lat' dir='ltr'><strong>et</strong></span> <span class='ocrx_word' id='word_1_173' title='bbox 473 3064 613 3123; x_wconf 85' lang='lat' dir='ltr'><strong>sensibus.</strong></span> <span class='ocrx_word' id='word_1_174' title='bbox 657 3063 743 3125; x_wconf 88' lang='lat' dir='ltr'><strong>Talis</strong></span> <span class='ocrx_word' id='word_1_175' title='bbox 763 3065 847 3144; x_wconf 84' lang='lat' dir='ltr'><strong>igitur</strong></span> <span class='ocrx_word' id='word_1_176' title='bbox 868 3082 948 3123; x_wconf 87' lang='lat' dir='ltr'><strong>mens</strong></span> <span class='ocrx_word' id='word_1_177' title='bbox 969 3065 1065 3125; x_wconf 91' lang='lat' dir='ltr'><strong>mundi</strong></span> 
     </span>
     <span class='ocr_line' id='line_1_27' title="bbox 267 3159 1065 3236; baseline 0.011 -22"><span class='ocrx_word' id='word_1_178' title='bbox 267 3176 335 3215; x_wconf 90' lang='lat' dir='ltr'><strong>cum</strong></span> <span class='ocrx_word' id='word_1_179' title='bbox 357 3159 403 3230; x_wconf 89' lang='lat' dir='ltr'><strong>sit,</strong></span> <span class='ocrx_word' id='word_1_180' title='bbox 424 3159 462 3215; x_wconf 89' lang='lat' dir='ltr'><strong>ob</strong></span> <span class='ocrx_word' id='word_1_181' title='bbox 488 3178 609 3236; x_wconf 88' lang='lat' dir='ltr'><strong>eamque</strong></span> <span class='ocrx_word' id='word_1_182' title='bbox 638 3178 759 3222; x_wconf 88' lang='lat' dir='ltr'><strong>causam</strong></span> <span class='ocrx_word' id='word_1_183' title='bbox 785 3160 828 3218; x_wconf 85' lang='lat' dir='ltr'><strong>vel</strong></span> <span class='ocrx_word' id='word_1_184' title='bbox 853 3161 1006 3235; x_wconf 88' lang='lat' dir='ltr'><strong>prudentia</strong></span> <span class='ocrx_word' id='word_1_185' title='bbox 1024 3162 1065 3222; x_wconf 82' lang='lat' dir='ltr'><strong>vel</strong></span> 
     </span>
     <span class='ocr_line' id='line_1_28' title="bbox 255 3255 1072 3340; baseline 0.013 -25"><span class='ocrx_word' id='word_1_186' title='bbox 255 3257 450 3335; x_wconf 80' lang='lat' dir='ltr'><strong>providentia</strong></span> <span class='ocrx_word' id='word_1_187' title='bbox 478 3257 621 3340; x_wconf 72' lang='lat' dir='ltr'><strong>appellari</strong></span> <span class='ocrx_word' id='word_1_188' title='bbox 639 3271 728 3320; x_wconf 78' lang='lat' dir='ltr'><strong>recta</strong></span> <span class='ocrx_word' id='word_1_189' title='bbox 743 3256 849 3333; x_wconf 48' lang='lat' dir='ltr'><strong>positis</strong></span> <span class='ocrx_word' id='word_1_190' title='bbox 863 3255 982 3328; x_wconf 51' lang='lat' dir='ltr'><strong>mm</strong></span> <span class='ocrx_word' id='word_1_191' title='bbox 996 3261 1072 3316; x_wconf 60' lang='lat' dir='ltr'><strong>stim</strong></span> 
     </span>
    </p>
   </div>
   <div class='ocr_carea' id='block_1_6' title="bbox 0 0 1215 3859">
    <p class='ocr_par' dir='ltr' id='par_1_9' title="bbox 0 0 1215 3859">
     <span class='ocr_line' id='line_1_29' title="bbox 0 0 1215 3859; baseline 0 0"><span class='ocrx_word' id='word_1_192' title='bbox 0 0 1215 3859; x_wconf 95' lang='lat' dir='ltr'><strong> </strong></span> 
     </span>
    </p>
   </div>
  </div>
 </body>
</html>
