<?xml version="1.0" encoding="UTF-8"?>
<!DOCTYPE html PUBLIC "-//W3C//DTD XHTML 1.0 Transitional//EN"
    "http://www.w3.org/TR/xhtml1/DTD/xhtml1-transitional.dtd">
<html xmlns="http://www.w3.org/1999/xhtml" xml:lang="en" lang="en">
 <head>
  <title>
</title>
<meta http-equiv="Content-Type" content="text/html;charset=utf-8" />
  <meta name='ocr-system' content='tesseract 3.04.00' />
  <meta name='ocr-capabilities' content='ocr_page ocr_carea ocr_par ocr_line ocrx_word'/>
</head>
<body>
  <div class='ocr_page' id='page_1' title='image "./mtciceronisdena00cicegoog_0093.png"; bbox 0 0 2409 3859; ppageno 0'>
   <div class='ocr_carea' id='block_1_1' title="bbox 489 457 1030 519">
    <p class='ocr_par' dir='ltr' id='par_1_1' title="bbox 489 457 1030 519">
     <span class='ocr_line' id='line_1_1' title="bbox 489 457 1030 519; baseline -0.002 0"><span class='ocrx_word' id='word_1_1' title='bbox 489 471 586 519; x_wconf 74' lang='lat' dir='ltr'><strong>nrum</strong></span> <span class='ocrx_word' id='word_1_2' title='bbox 603 471 635 516; x_wconf 87' lang='lat'><strong>11.</strong></span> <span class='ocrx_word' id='word_1_3' title='bbox 655 472 689 518; x_wconf 84' lang='lat' dir='ltr'><strong>rc.</strong></span> <span class='ocrx_word' id='word_1_4' title='bbox 989 457 1030 518; x_wconf 80' lang='grc'><strong>87</strong></span> 
     </span>
    </p>
   </div>
   <div class='ocr_carea' id='block_1_2' title="bbox 179 620 1027 2347">
    <p class='ocr_par' dir='ltr' id='par_1_2' title="bbox 179 620 1027 2347">
     <span class='ocr_line' id='line_1_2' title="bbox 184 620 983 698; baseline -0.004 -20"><span class='ocrx_word' id='word_1_5' title='bbox 184 621 295 679; x_wconf 88' lang='lat' dir='ltr'><strong>naturis</strong></span> <span class='ocrx_word' id='word_1_6' title='bbox 323 621 414 679; x_wconf 88' lang='lat' dir='ltr'><strong>multa</strong></span> <span class='ocrx_word' id='word_1_7' title='bbox 441 632 567 693; x_wconf 79' lang='lat' dir='ltr'><strong>externa,</strong></span> <span class='ocrx_word' id='word_1_8' title='bbox 590 641 647 696; x_wconf 90' lang='lat' dir='ltr'><strong>quo</strong></span> <span class='ocrx_word' id='word_1_9' title='bbox 673 621 769 679; x_wconf 89' lang='lat' dir='ltr'><strong>minus</strong></span> <span class='ocrx_word' id='word_1_10' title='bbox 788 620 983 698; x_wconf 87' lang='lat' dir='ltr'><strong>perficiantur,</strong></span> 
     </span>
     <span class='ocr_line' id='line_1_3' title="bbox 184 719 983 795; baseline -0.003 -19"><span class='ocrx_word' id='word_1_11' title='bbox 184 729 304 795; x_wconf 82' lang='lat' dir='ltr'><strong>possunt</strong></span> <span class='ocrx_word' id='word_1_12' title='bbox 338 719 492 778; x_wconf 82' lang='lat' dir='ltr'><strong>obsistere:</strong></span> <span class='ocrx_word' id='word_1_13' title='bbox 527 719 690 777; x_wconf 85' lang='lat' dir='ltr'><strong>universam</strong></span> <span class='ocrx_word' id='word_1_14' title='bbox 723 730 819 776; x_wconf 87' lang='lat' dir='ltr'><strong>autem</strong></span> <span class='ocrx_word' id='word_1_15' title='bbox 851 728 983 776; x_wconf 87' lang='lat' dir='ltr'><strong>naturam</strong></span> 
     </span>
     <span class='ocr_line' id='line_1_4' title="bbox 185 818 982 895; baseline -0.003 -19"><span class='ocrx_word' id='word_1_16' title='bbox 185 819 262 876; x_wconf 87' lang='lat' dir='ltr'><strong>nulla</strong></span> <span class='ocrx_word' id='word_1_17' title='bbox 276 837 323 875; x_wconf 88' lang='lat' dir='ltr'><strong>res</strong></span> <span class='ocrx_word' id='word_1_18' title='bbox 336 829 429 894; x_wconf 89' lang='lat' dir='ltr'><strong>potest</strong></span> <span class='ocrx_word' id='word_1_19' title='bbox 444 818 600 894; x_wconf 87' lang='lat' dir='ltr'><strong>impedire;</strong></span> <span class='ocrx_word' id='word_1_20' title='bbox 621 829 772 895; x_wconf 83' lang='lat' dir='ltr'><strong>propterea</strong></span> <span class='ocrx_word' id='word_1_21' title='bbox 785 818 861 894; x_wconf 90' lang='lat' dir='ltr'><strong>quod</strong></span> <span class='ocrx_word' id='word_1_22' title='bbox 882 836 982 875; x_wconf 88' lang='lat' dir='ltr'><strong>omnes</strong></span> 
     </span>
     <span class='ocr_line' id='line_1_5' title="bbox 184 912 983 988; baseline 0 -19"><span class='ocrx_word' id='word_1_23' title='bbox 184 923 301 970; x_wconf 82' lang='lat' dir='ltr'><strong>naturas</strong></span> <span class='ocrx_word' id='word_1_24' title='bbox 336 913 398 988; x_wconf 83' lang='lat' dir='ltr'><strong>ipse</strong></span> <span class='ocrx_word' id='word_1_25' title='bbox 431 913 546 970; x_wconf 81' lang='lat' dir='ltr'>cohibet</span> <span class='ocrx_word' id='word_1_26' title='bbox 580 923 609 970; x_wconf 88' lang='lat' dir='ltr'><strong>et</strong></span> <span class='ocrx_word' id='word_1_27' title='bbox 642 913 778 971; x_wconf 88' lang='lat' dir='ltr'><strong>continet.</strong></span> <span class='ocrx_word' id='word_1_28' title='bbox 832 912 983 974; x_wconf 83' lang='lat' dir='ltr'><strong>Quocirca</strong></span> 
     </span>
     <span class='ocr_line' id='line_1_6' title="bbox 184 1008 1011 1084; baseline 0.002 -18"><span class='ocrx_word' id='word_1_29' title='bbox 184 1027 303 1067; x_wconf 80' lang='lat' dir='ltr'><strong>necesse</strong></span> <span class='ocrx_word' id='word_1_30' title='bbox 331 1019 375 1067; x_wconf 88' lang='lat' dir='ltr'><strong>est</strong></span> <span class='ocrx_word' id='word_1_31' title='bbox 401 1027 463 1067; x_wconf 87' lang='lat' dir='ltr'><strong>esse</strong></span> <span class='ocrx_word' id='word_1_32' title='bbox 489 1020 622 1084; x_wconf 88' lang='lat' dir='ltr'><strong>quartum</strong></span> <span class='ocrx_word' id='word_1_33' title='bbox 649 1010 730 1066; x_wconf 91' lang='lat' dir='ltr'><strong>illum</strong></span> <span class='ocrx_word' id='word_1_34' title='bbox 757 1020 786 1068; x_wconf 92' lang='lat' dir='ltr'><strong>et</strong></span> <span class='ocrx_word' id='word_1_35' title='bbox 814 1008 1011 1068; x_wconf 85' lang='lat' dir='ltr'><strong>altissimum5</strong></span> 
     </span>
     <span class='ocr_line' id='line_1_7' title="bbox 183 1105 981 1184; baseline -0.001 -21"><span class='ocrx_word' id='word_1_36' title='bbox 183 1107 314 1184; x_wconf 76' lang='lat' dir='ltr'><strong>gradum,</strong></span> <span class='ocrx_word' id='word_1_37' title='bbox 330 1124 388 1181; x_wconf 92' lang='lat' dir='ltr'><strong>quo</strong></span> <span class='ocrx_word' id='word_1_38' title='bbox 401 1106 481 1163; x_wconf 89' lang='lat' dir='ltr'><strong>nulla</strong></span> <span class='ocrx_word' id='word_1_39' title='bbox 495 1106 536 1163; x_wconf 85' lang='lat' dir='ltr'><strong>vis</strong></span> <span class='ocrx_word' id='word_1_40' title='bbox 549 1105 638 1181; x_wconf 84' lang='lat' dir='ltr'><strong>possit</strong></span> <span class='ocrx_word' id='word_1_41' title='bbox 654 1106 801 1164; x_wconf 82' lang='lat' dir='ltr'><strong>accedere.</strong></span> <span class='ocrx_word' id='word_1_42' title='bbox 842 1105 872 1162; x_wconf 89' lang='lat' dir='ltr'><strong>Is</strong></span> <span class='ocrx_word' id='word_1_43' title='bbox 887 1116 981 1163; x_wconf 91' lang='lat' dir='ltr'><strong>autem</strong></span> 
     </span>
     <span class='ocr_line' id='line_1_8' title="bbox 182 1204 981 1282; baseline -0.004 -18"><span class='ocrx_word' id='word_1_44' title='bbox 182 1217 224 1264; x_wconf 87' lang='lat' dir='ltr'><strong>est</strong></span> <span class='ocrx_word' id='word_1_45' title='bbox 237 1205 355 1282; x_wconf 84' lang='lat' dir='ltr'><strong>gradus,</strong></span> <span class='ocrx_word' id='word_1_46' title='bbox 369 1205 397 1262; x_wconf 86' lang='lat' dir='ltr'><strong>in</strong></span> <span class='ocrx_word' id='word_1_47' title='bbox 408 1223 465 1280; x_wconf 92' lang='lat' dir='ltr'><strong>quo</strong></span> <span class='ocrx_word' id='word_1_48' title='bbox 479 1223 575 1262; x_wconf 88' lang='lat' dir='ltr'><strong>rerum</strong></span> <span class='ocrx_word' id='word_1_49' title='bbox 590 1205 718 1262; x_wconf 90' lang='lat' dir='ltr'><strong>omnium</strong></span> <span class='ocrx_word' id='word_1_50' title='bbox 733 1215 835 1263; x_wconf 84' lang='lat' dir='ltr'><strong>natura</strong></span> <span class='ocrx_word' id='word_1_51' title='bbox 848 1204 981 1282; x_wconf 85' lang='lat' dir='ltr'><strong>ponitur:</strong></span> 
     </span>
     <span class='ocr_line' id='line_1_9' title="bbox 182 1302 982 1378; baseline 0.001 -20"><span class='ocrx_word' id='word_1_52' title='bbox 182 1320 244 1378; x_wconf 83' lang='lat' dir='ltr'><strong>qute</strong></span> <span class='ocrx_word' id='word_1_53' title='bbox 258 1302 396 1377; x_wconf 87' lang='lat' dir='ltr'><strong>quoniam</strong></span> <span class='ocrx_word' id='word_1_54' title='bbox 411 1302 475 1359; x_wconf 89' lang='lat' dir='ltr'><strong>talis</strong></span> <span class='ocrx_word' id='word_1_55' title='bbox 489 1312 542 1372; x_wconf 88' lang='lat' dir='ltr'><strong>est,</strong></span> <span class='ocrx_word' id='word_1_56' title='bbox 557 1312 588 1359; x_wconf 93' lang='lat' dir='ltr'><strong>ut</strong></span> <span class='ocrx_word' id='word_1_57' title='bbox 600 1302 697 1377; x_wconf 84' lang='lat' dir='ltr'><strong>praesit</strong></span> <span class='ocrx_word' id='word_1_58' title='bbox 711 1302 854 1373; x_wconf 87' lang='lat' dir='ltr'><strong>omnibus,</strong></span> <span class='ocrx_word' id='word_1_59' title='bbox 869 1313 898 1360; x_wconf 86' lang='lat' dir='ltr'><strong>et</strong></span> <span class='ocrx_word' id='word_1_60' title='bbox 918 1321 982 1360; x_wconf 88' lang='lat' dir='ltr'><strong>eam</strong></span> 
     </span>
     <span class='ocr_line' id='line_1_10' title="bbox 180 1395 981 1475; baseline -0.001 -19"><span class='ocrx_word' id='word_1_61' title='bbox 180 1399 259 1456; x_wconf 88' lang='lat' dir='ltr'><strong>nulla</strong></span> <span class='ocrx_word' id='word_1_62' title='bbox 270 1418 317 1456; x_wconf 86' lang='lat' dir='ltr'><strong>res</strong></span> <span class='ocrx_word' id='word_1_63' title='bbox 328 1399 418 1474; x_wconf 90' lang='lat' dir='ltr'><strong>possit</strong></span> <span class='ocrx_word' id='word_1_64' title='bbox 429 1395 577 1475; x_wconf 82' lang='lat' dir='ltr'><strong>impedire,</strong></span> <span class='ocrx_word' id='word_1_65' title='bbox 589 1417 708 1456; x_wconf 87' lang='lat' dir='ltr'><strong>neccsse</strong></span> <span class='ocrx_word' id='word_1_66' title='bbox 718 1411 761 1456; x_wconf 86' lang='lat' dir='ltr'><strong>est</strong></span> <span class='ocrx_word' id='word_1_67' title='bbox 775 1399 981 1475; x_wconf 85' lang='lat' dir='ltr'><strong>intelligentem</strong></span> 
     </span>
     <span class='ocr_line' id='line_1_11' title="bbox 179 1495 1026 1571; baseline 0.005 -19"><span class='ocrx_word' id='word_1_68' title='bbox 179 1513 242 1553; x_wconf 82' lang='lat' dir='ltr'><strong>esse</strong></span> <span class='ocrx_word' id='word_1_69' title='bbox 256 1495 409 1566; x_wconf 89' lang='lat' dir='ltr'><strong>mundum,</strong></span> <span class='ocrx_word' id='word_1_70' title='bbox 421 1505 449 1552; x_wconf 92' lang='lat' dir='ltr'><strong>et</strong></span> <span class='ocrx_word' id='word_1_71' title='bbox 463 1495 577 1570; x_wconf 90' lang='lat' dir='ltr'><strong>quidem</strong></span> <span class='ocrx_word' id='word_1_72' title='bbox 593 1495 680 1552; x_wconf 87' lang='lat' dir='ltr'><strong>etiam</strong></span> <span class='ocrx_word' id='word_1_73' title='bbox 693 1495 858 1571; x_wconf 87' lang='lat' dir='ltr'><strong>sapientem.</strong></span> <span class='ocrx_word' id='word_1_74' title='bbox 898 1495 981 1556; x_wconf 80' lang='lat' dir='ltr'><strong>Quid</strong></span> <span class='ocrx_word' id='word_1_75' title='bbox 995 1507 1026 1557; x_wconf 83' lang='lat'><strong>10</strong></span> 
     </span>
     <span class='ocr_line' id='line_1_12' title="bbox 181 1592 981 1668; baseline 0 -18"><span class='ocrx_word' id='word_1_76' title='bbox 181 1603 277 1650; x_wconf 80' lang='lat' dir='ltr'><strong>autem</strong></span> <span class='ocrx_word' id='word_1_77' title='bbox 304 1603 350 1650; x_wconf 90' lang='lat' dir='ltr'><strong>est</strong></span> <span class='ocrx_word' id='word_1_78' title='bbox 376 1592 517 1664; x_wconf 88' lang='lat' dir='ltr'><strong>inscitius,</strong></span> <span class='ocrx_word' id='word_1_79' title='bbox 545 1611 632 1668; x_wconf 88' lang='lat' dir='ltr'><strong>qnam</strong></span> <span class='ocrx_word' id='word_1_80' title='bbox 659 1610 722 1649; x_wconf 86' lang='lat' dir='ltr'><strong>enm</strong></span> <span class='ocrx_word' id='word_1_81' title='bbox 749 1603 890 1663; x_wconf 86' lang='lat' dir='ltr'><strong>naturam,</strong></span> <span class='ocrx_word' id='word_1_82' title='bbox 918 1611 981 1666; x_wconf 85' lang='lat' dir='ltr'><strong>quae</strong></span> 
     </span>
     <span class='ocr_line' id='line_1_13' title="bbox 179 1687 981 1766; baseline -0.002 -19"><span class='ocrx_word' id='word_1_83' title='bbox 179 1706 282 1748; x_wconf 90' lang='lat' dir='ltr'><strong>omnes</strong></span> <span class='ocrx_word' id='word_1_84' title='bbox 296 1707 343 1746; x_wconf 89' lang='lat' dir='ltr'><strong>res</strong></span> <span class='ocrx_word' id='word_1_85' title='bbox 357 1689 393 1746; x_wconf 90' lang='lat' dir='ltr'><strong>sit</strong></span> <span class='ocrx_word' id='word_1_86' title='bbox 414 1689 572 1766; x_wconf 84' lang='lat' dir='ltr'><strong>complexa,</strong></span> <span class='ocrx_word' id='word_1_87' title='bbox 586 1708 646 1746; x_wconf 91' lang='lat' dir='ltr'><strong>nou</strong></span> <span class='ocrx_word' id='word_1_88' title='bbox 666 1689 803 1764; x_wconf 87' lang='lat' dir='ltr'><strong>optimam</strong></span> <span class='ocrx_word' id='word_1_89' title='bbox 824 1687 899 1744; x_wconf 87' lang='lat' dir='ltr'><strong>dici:</strong></span> <span class='ocrx_word' id='word_1_90' title='bbox 922 1699 981 1760; x_wconf 85' lang='lat' dir='ltr'><strong>aut,</strong></span> 
     </span>
     <span class='ocr_line' id='line_1_14' title="bbox 181 1785 981 1862; baseline 0 -18"><span class='ocrx_word' id='word_1_91' title='bbox 181 1805 246 1844; x_wconf 93' lang='lat' dir='ltr'><strong>cum</strong></span> <span class='ocrx_word' id='word_1_92' title='bbox 268 1787 306 1844; x_wconf 91' lang='lat' dir='ltr'><strong>sit</strong></span> <span class='ocrx_word' id='word_1_93' title='bbox 337 1787 454 1862; x_wconf 87' lang='lat' dir='ltr'><strong>optima,</strong></span> <span class='ocrx_word' id='word_1_94' title='bbox 476 1805 534 1844; x_wconf 90' lang='lat' dir='ltr'><strong>non</strong></span> <span class='ocrx_word' id='word_1_95' title='bbox 560 1786 686 1862; x_wconf 89' lang='lat' dir='ltr'><strong>primum</strong></span> <span class='ocrx_word' id='word_1_96' title='bbox 714 1785 888 1851; x_wconf 77' lang='lat' dir='ltr'><strong>animantem</strong></span> <span class='ocrx_word' id='word_1_97' title='bbox 908 1804 981 1858; x_wconf 88' lang='lat' dir='ltr'><strong>esse,</strong></span> 
     </span>
     <span class='ocr_line' id='line_1_15' title="bbox 180 1868 982 1959; baseline 0 -18"><span class='ocrx_word' id='word_1_98' title='bbox 180 1885 286 1942; x_wconf 89' lang='lat' dir='ltr'><strong>deinde</strong></span> <span class='ocrx_word' id='word_1_99' title='bbox 313 1883 434 1941; x_wconf 88' lang='lat' dir='ltr'><strong>rationis</strong></span> <span class='ocrx_word' id='word_1_100' title='bbox 460 1894 489 1941; x_wconf 90' lang='lat' dir='ltr'><strong>et</strong></span> <span class='ocrx_word' id='word_1_101' title='bbox 511 1883 625 1941; x_wconf 91' lang='lat' dir='ltr'><strong>consilii</strong></span> <span class='ocrx_word' id='word_1_102' title='bbox 646 1892 817 1959; x_wconf 90' lang='lat' dir='ltr'><strong>compotem,</strong></span> <span class='ocrx_word' id='word_1_103' title='bbox 838 1868 982 1958; x_wconf 83' lang='lat' dir='ltr'><strong>postremo</strong></span> 
     </span>
     <span class='ocr_line' id='line_1_16' title="bbox 180 1979 1027 2057; baseline -0.004 -18"><span class='ocrx_word' id='word_1_104' title='bbox 180 1981 364 2057; x_wconf 71' lang='lat' dir='ltr'><strong>sapientem?</strong></span> <span class='ocrx_word' id='word_1_105' title='bbox 386 1980 436 2056; x_wconf 81' lang='lat' dir='ltr'><strong>qui</strong></span> <span class='ocrx_word' id='word_1_106' title='bbox 450 1981 527 2038; x_wconf 90' lang='lat' dir='ltr'><strong>enim</strong></span> <span class='ocrx_word' id='word_1_107' title='bbox 554 1991 648 2056; x_wconf 90' lang='lat' dir='ltr'><strong>potest</strong></span> <span class='ocrx_word' id='word_1_108' title='bbox 669 1979 750 2037; x_wconf 89' lang='lat' dir='ltr'><strong>aliter</strong></span> <span class='ocrx_word' id='word_1_109' title='bbox 771 1998 833 2037; x_wconf 88' lang='lat' dir='ltr'><strong>esse</strong></span> <span class='ocrx_word' id='word_1_110' title='bbox 853 1979 981 2056; x_wconf 70' lang='lat' dir='ltr'><strong>optima?</strong></span> <span class='ocrx_word' id='word_1_111' title='bbox 996 1988 1027 2036; x_wconf 85' lang='lat'><strong>15</strong></span> 
     </span>
     <span class='ocr_line' id='line_1_17' title="bbox 180 2077 982 2154; baseline 0 -18"><span class='ocrx_word' id='word_1_112' title='bbox 180 2097 275 2154; x_wconf 88' lang='lat' dir='ltr'><strong>neque</strong></span> <span class='ocrx_word' id='word_1_113' title='bbox 303 2077 391 2150; x_wconf 90' lang='lat' dir='ltr'><strong>enim,</strong></span> <span class='ocrx_word' id='word_1_114' title='bbox 412 2078 437 2135; x_wconf 90' lang='lat' dir='ltr'><strong>si</strong></span> <span class='ocrx_word' id='word_1_115' title='bbox 463 2078 596 2154; x_wconf 86' lang='lat' dir='ltr'><strong>stirpium</strong></span> <span class='ocrx_word' id='word_1_116' title='bbox 623 2077 725 2135; x_wconf 88' lang='lat' dir='ltr'><strong>similis</strong></span> <span class='ocrx_word' id='word_1_117' title='bbox 752 2077 798 2149; x_wconf 88' lang='lat' dir='ltr'><strong>sit,</strong></span> <span class='ocrx_word' id='word_1_118' title='bbox 820 2088 869 2135; x_wconf 87' lang='lat' dir='ltr'><strong>aut</strong></span> <span class='ocrx_word' id='word_1_119' title='bbox 895 2078 982 2136; x_wconf 87' lang='lat' dir='ltr'><strong>etiam</strong></span> 
     </span>
     <span class='ocr_line' id='line_1_18' title="bbox 181 2174 982 2251; baseline -0.001 -18"><span class='ocrx_word' id='word_1_120' title='bbox 181 2176 349 2247; x_wconf 88' lang='lat' dir='ltr'><strong>bestiarum,</strong></span> <span class='ocrx_word' id='word_1_121' title='bbox 382 2174 491 2251; x_wconf 89' lang='lat' dir='ltr'><strong>optima</strong></span> <span class='ocrx_word' id='word_1_122' title='bbox 525 2174 653 2250; x_wconf 85' lang='lat' dir='ltr'><strong>putanda</strong></span> <span class='ocrx_word' id='word_1_123' title='bbox 687 2174 740 2232; x_wconf 55' lang='lat' dir='ltr'><strong>sit*</strong></span> <span class='ocrx_word' id='word_1_124' title='bbox 762 2174 857 2251; x_wconf 87' lang='lat' dir='ltr'><strong>potius</strong></span> <span class='ocrx_word' id='word_1_125' title='bbox 896 2194 982 2251; x_wconf 89' lang='lat' dir='ltr'><strong>quam</strong></span> 
     </span>
     <span class='ocr_line' id='line_1_19' title="bbox 181 2271 981 2347; baseline 0 -19"><span class='ocrx_word' id='word_1_126' title='bbox 181 2272 355 2331; x_wconf 83' lang='lat' dir='ltr'><strong>deterrima:</strong></span> <span class='ocrx_word' id='word_1_127' title='bbox 377 2290 432 2329; x_wconf 91' lang='lat' dir='ltr'><strong>nec</strong></span> <span class='ocrx_word' id='word_1_128' title='bbox 446 2290 522 2342; x_wconf 85' lang='lat' dir='ltr'><strong>vero,</strong></span> <span class='ocrx_word' id='word_1_129' title='bbox 537 2271 561 2328; x_wconf 91' lang='lat' dir='ltr'><strong>si</strong></span> <span class='ocrx_word' id='word_1_130' title='bbox 575 2271 694 2328; x_wconf 87' lang='lat' dir='ltr'><strong>rationis</strong></span> <span class='ocrx_word' id='word_1_131' title='bbox 707 2271 850 2347; x_wconf 84' lang='lat' dir='ltr'><strong>particeps</strong></span> <span class='ocrx_word' id='word_1_132' title='bbox 864 2271 911 2340; x_wconf 81' lang='lat' dir='ltr'><strong>sit,</strong></span> <span class='ocrx_word' id='word_1_133' title='bbox 925 2289 981 2329; x_wconf 91' lang='lat' dir='ltr'><strong>nec</strong></span> 
     </span>
    </p>
   </div>
   <div class='ocr_carea' id='block_1_3' title="bbox 181 2367 1024 2540">
    <p class='ocr_par' dir='ltr' id='par_1_3' title="bbox 181 2367 1024 2540">
     <span class='ocr_line' id='line_1_20' title="bbox 181 2367 981 2444; baseline -0.005 -17"><span class='ocrx_word' id='word_1_134' title='bbox 181 2368 217 2427; x_wconf 88' lang='lat' dir='ltr'><strong>sit</strong></span> <span class='ocrx_word' id='word_1_135' title='bbox 238 2381 335 2426; x_wconf 86' lang='lat' dir='ltr'><strong>tamen</strong></span> <span class='ocrx_word' id='word_1_136' title='bbox 364 2388 380 2425; x_wconf 89' lang='lat' dir='ltr'><strong>a</strong></span> <span class='ocrx_word' id='word_1_137' title='bbox 405 2367 549 2444; x_wconf 88' lang='lat' dir='ltr'><strong>principio</strong></span> <span class='ocrx_word' id='word_1_138' title='bbox 569 2367 693 2443; x_wconf 85' lang='lat' dir='ltr'><strong>sapiens,</strong></span> <span class='ocrx_word' id='word_1_139' title='bbox 713 2386 772 2424; x_wconf 91' lang='lat' dir='ltr'><strong>nou</strong></span> <span class='ocrx_word' id='word_1_140' title='bbox 793 2367 830 2424; x_wconf 86' lang='lat' dir='ltr'><strong>sit</strong></span> <span class='ocrx_word' id='word_1_141' title='bbox 856 2367 981 2424; x_wconf 85' lang='lat' dir='ltr'><strong>deterior</strong></span> 
     </span>
     <span class='ocr_line' id='line_1_21' title="bbox 181 2458 1024 2540; baseline -0.008 -17"><span class='ocrx_word' id='word_1_142' title='bbox 181 2465 282 2524; x_wconf 91' lang='lat' dir='ltr'><strong>mundi</strong></span> <span class='ocrx_word' id='word_1_143' title='bbox 296 2463 490 2540; x_wconf 86' lang='lat' dir='ltr'><strong>potiusquam</strong></span> <span class='ocrx_word' id='word_1_144' title='bbox 505 2461 630 2517; x_wconf 81' lang='lat' dir='ltr'><strong>humanu</strong></span> <span class='ocrx_word' id='word_1_145' title='bbox 644 2459 786 2517; x_wconf 90' lang='lat' dir='ltr'><strong>conditio:</strong></span> <span class='ocrx_word' id='word_1_146' title='bbox 801 2460 888 2517; x_wconf 89' lang='lat' dir='ltr'><strong>homo</strong></span> <span class='ocrx_word' id='word_1_147' title='bbox 902 2458 978 2516; x_wconf 90' lang='lat' dir='ltr'><strong>enim</strong></span> <span class='ocrx_word' id='word_1_148' title='bbox 991 2467 1024 2516; x_wconf 71' lang='lat'><strong>2⁰</strong></span> 
     </span>
    </p>
   </div>
   <div class='ocr_carea' id='block_1_4' title="bbox 178 2554 1023 3307">
    <p class='ocr_par' dir='ltr' id='par_1_4' title="bbox 178 2554 1023 3307">
     <span class='ocr_line' id='line_1_22' title="bbox 183 2554 980 2638; baseline -0.013 -18"><span class='ocrx_word' id='word_1_149' title='bbox 183 2563 301 2638; x_wconf 85' lang='lat' dir='ltr'><strong>sapiens</strong></span> <span class='ocrx_word' id='word_1_150' title='bbox 313 2559 375 2616; x_wconf 87' lang='lat' dir='ltr'><strong>fieri</strong></span> <span class='ocrx_word' id='word_1_151' title='bbox 389 2568 496 2634; x_wconf 91' lang='lat' dir='ltr'><strong>potest;</strong></span> <span class='ocrx_word' id='word_1_152' title='bbox 520 2554 643 2612; x_wconf 90' lang='lat' dir='ltr'><strong>mundus</strong></span> <span class='ocrx_word' id='word_1_153' title='bbox 657 2566 762 2625; x_wconf 89' lang='lat' dir='ltr'><strong>autem,</strong></span> <span class='ocrx_word' id='word_1_154' title='bbox 777 2555 801 2612; x_wconf 92' lang='lat' dir='ltr'><strong>si</strong></span> <span class='ocrx_word' id='word_1_155' title='bbox 822 2555 851 2612; x_wconf 91' lang='lat' dir='ltr'><strong>in</strong></span> <span class='ocrx_word' id='word_1_156' title='bbox 873 2564 980 2612; x_wconf 86' lang='lat' dir='ltr'><strong>aetemo</strong></span> 
     </span>
     <span class='ocr_line' id='line_1_23' title="bbox 182 2650 978 2734; baseline -0.01 -18"><span class='ocrx_word' id='word_1_157' title='bbox 182 2656 324 2734; x_wconf 82' lang='lat' dir='ltr'><strong>praeteriti</strong></span> <span class='ocrx_word' id='word_1_158' title='bbox 345 2654 482 2730; x_wconf 88' lang='lat' dir='ltr'><strong>temporis</strong></span> <span class='ocrx_word' id='word_1_159' title='bbox 495 2651 588 2729; x_wconf 88' lang='lat' dir='ltr'><strong>spatio</strong></span> <span class='ocrx_word' id='word_1_160' title='bbox 603 2650 657 2709; x_wconf 85' lang='lat' dir='ltr'><strong>fuit</strong></span> <span class='ocrx_word' id='word_1_161' title='bbox 670 2651 818 2726; x_wconf 88' lang='lat' dir='ltr'><strong>insipiens,</strong></span> <span class='ocrx_word' id='word_1_162' title='bbox 833 2669 978 2725; x_wconf 90' lang='lat' dir='ltr'><strong>nunquam</strong></span> 
     </span>
     <span class='ocr_line' id='line_1_24' title="bbox 180 2746 979 2830; baseline -0.008 -19"><span class='ocrx_word' id='word_1_163' title='bbox 180 2754 316 2830; x_wconf 84' lang='lat' dir='ltr'><strong>prolecto</strong></span> <span class='ocrx_word' id='word_1_164' title='bbox 336 2750 506 2826; x_wconf 87' lang='lat' dir='ltr'><strong>sapientiam</strong></span> <span class='ocrx_word' id='word_1_165' title='bbox 522 2758 729 2823; x_wconf 85' lang='lat' dir='ltr'><strong>consequetur:</strong></span> <span class='ocrx_word' id='word_1_166' title='bbox 744 2746 784 2805; x_wconf 90' lang='lat' dir='ltr'><strong>ita</strong></span> <span class='ocrx_word' id='word_1_167' title='bbox 798 2746 852 2804; x_wconf 88' lang='lat' dir='ltr'><strong>erit</strong></span> <span class='ocrx_word' id='word_1_168' title='bbox 862 2746 979 2805; x_wconf 91' lang='lat' dir='ltr'><strong>homine</strong></span> 
     </span>
     <span class='ocr_line' id='line_1_25' title="bbox 181 2843 979 2921; baseline -0.006 -15"><span class='ocrx_word' id='word_1_169' title='bbox 181 2849 315 2907; x_wconf 89' lang='lat' dir='ltr'><strong>deterior.</strong></span> <span class='ocrx_word' id='word_1_170' title='bbox 347 2847 439 2908; x_wconf 80' lang='lat' dir='ltr'><strong>Quod</strong></span> <span class='ocrx_word' id='word_1_171' title='bbox 450 2845 585 2921; x_wconf 92' lang='lat' dir='ltr'><strong>quoniam</strong></span> <span class='ocrx_word' id='word_1_172' title='bbox 598 2844 751 2902; x_wconf 86' lang='lat' dir='ltr'><strong>absurdum</strong></span> <span class='ocrx_word' id='word_1_173' title='bbox 763 2853 815 2914; x_wconf 82' lang='lat' dir='ltr'><strong>cst,</strong></span> <span class='ocrx_word' id='word_1_174' title='bbox 826 2853 854 2899; x_wconf 91' lang='lat' dir='ltr'><strong>et</strong></span> <span class='ocrx_word' id='word_1_175' title='bbox 866 2843 979 2919; x_wconf 90' lang='lat' dir='ltr'><strong>sapiens</strong></span> 
     </span>
     <span class='ocr_line' id='line_1_26' title="bbox 181 2937 1023 3019; baseline -0.005 -17"><span class='ocrx_word' id='word_1_176' title='bbox 181 2944 353 3019; x_wconf 85' lang='lat' dir='ltr'><strong>aprincipio</strong></span> <span class='ocrx_word' id='word_1_177' title='bbox 365 2943 497 3014; x_wconf 85' lang='lat' dir='ltr'><strong>mundus,</strong></span> <span class='ocrx_word' id='word_1_178' title='bbox 509 2952 538 2999; x_wconf 87' lang='lat' dir='ltr'><strong>et</strong></span> <span class='ocrx_word' id='word_1_179' title='bbox 548 2941 629 2998; x_wconf 90' lang='lat' dir='ltr'><strong>Deus</strong></span> <span class='ocrx_word' id='word_1_180' title='bbox 637 2939 784 2996; x_wconf 89' lang='lat' dir='ltr'><strong>habendus</strong></span> <span class='ocrx_word' id='word_1_181' title='bbox 795 2949 846 2995; x_wconf 89' lang='lat' dir='ltr'><strong>est.</strong></span> <span class='ocrx_word' id='word_1_182' title='bbox 874 2937 979 3016; x_wconf 90' lang='lat' dir='ltr'><strong>Neque</strong></span> <span class='ocrx_word' id='word_1_183' title='bbox 990 2947 1023 2997; x_wconf 79' lang='grc'><strong>25</strong></span> 
     </span>
     <span class='ocr_line' id='line_1_27' title="bbox 179 3034 980 3114; baseline -0.004 -17"><span class='ocrx_word' id='word_1_184' title='bbox 179 3041 256 3098; x_wconf 89' lang='lat' dir='ltr'><strong>enim</strong></span> <span class='ocrx_word' id='word_1_185' title='bbox 273 3052 317 3097; x_wconf 89' lang='lat' dir='ltr'><strong>est</strong></span> <span class='ocrx_word' id='word_1_186' title='bbox 329 3038 585 3114; x_wconf 81' lang='lat' dir='ltr'><strong>quidquamaliud,</strong></span> <span class='ocrx_word' id='word_1_187' title='bbox 597 3047 700 3114; x_wconf 85' lang='lat' dir='ltr'><strong>praeter</strong></span> <span class='ocrx_word' id='word_1_188' title='bbox 714 3034 863 3106; x_wconf 90' lang='lat' dir='ltr'><strong>mundum,</strong></span> <span class='ocrx_word' id='word_1_189' title='bbox 875 3037 924 3094; x_wconf 91' lang='lat' dir='ltr'><strong>cui</strong></span> <span class='ocrx_word' id='word_1_190' title='bbox 937 3037 980 3094; x_wconf 87' lang='lat' dir='ltr'><strong>nl·</strong></span> 
     </span>
     <span class='ocr_line' id='line_1_28' title="bbox 180 3133 979 3211; baseline 0 -18"><span class='ocrx_word' id='word_1_191' title='bbox 180 3137 218 3194; x_wconf 87' lang='lat' dir='ltr'><strong>hil</strong></span> <span class='ocrx_word' id='word_1_192' title='bbox 235 3136 319 3206; x_wconf 84' lang='lat' dir='ltr'><strong>absit,</strong></span> <span class='ocrx_word' id='word_1_193' title='bbox 331 3136 463 3211; x_wconf 88' lang='lat' dir='ltr'><strong>quodque</strong></span> <span class='ocrx_word' id='word_1_194' title='bbox 475 3135 603 3210; x_wconf 91' lang='lat' dir='ltr'><strong>undique</strong></span> <span class='ocrx_word' id='word_1_195' title='bbox 615 3144 712 3209; x_wconf 88' lang='lat' dir='ltr'><strong>aptum</strong></span> <span class='ocrx_word' id='word_1_196' title='bbox 725 3141 809 3204; x_wconf 89' lang='lat' dir='ltr'><strong>atque</strong></span> <span class='ocrx_word' id='word_1_197' title='bbox 819 3133 979 3208; x_wconf 84' lang='lat' dir='ltr'><strong>perlectum</strong></span> 
     </span>
     <span class='ocr_line' id='line_1_29' title="bbox 178 3225 993 3307; baseline -0.005 -19"><span class='ocrx_word' id='word_1_198' title='bbox 178 3231 380 3307; x_wconf 66' lang='lat' dir='ltr'><strong>expletumque</strong></span> <span class='ocrx_word' id='word_1_199' title='bbox 392 3230 431 3292; x_wconf 86' lang='lat' dir='ltr'><strong>sit</strong></span> <span class='ocrx_word' id='word_1_200' title='bbox 445 3249 513 3292; x_wconf 91' lang='lat' dir='ltr'><strong>omn</strong></span> <span class='ocrx_word' id='word_1_201' title='bbox 517 3230 584 3292; x_wconf 89' lang='lat' dir='ltr'><strong>&#39;rbus</strong></span> <span class='ocrx_word' id='word_1_202' title='bbox 593 3229 658 3292; x_wconf 87' lang='lat' dir='ltr'><strong>suis</strong></span> <span class='ocrx_word' id='word_1_203' title='bbox 666 3225 799 3289; x_wconf 70' lang='lat' dir='ltr'><strong>numeris</strong></span> <span class='ocrx_word' id='word_1_204' title='bbox 807 3236 840 3285; x_wconf 71' lang='lat' dir='ltr'><strong>et</strong></span> <span class='ocrx_word' id='word_1_205' title='bbox 844 3229 993 3304; x_wconf 64' lang='lat' dir='ltr'><strong>quimus.</strong></span> 
     </span>
    </p>
   </div>
   <div class='ocr_carea' id='block_1_5' title="bbox 0 0 1210 3859">
    <p class='ocr_par' dir='ltr' id='par_1_5' title="bbox 0 0 1210 3859">
     <span class='ocr_line' id='line_1_30' title="bbox 0 0 1210 3859; baseline 0 1"><span class='ocrx_word' id='word_1_206' title='bbox 0 0 1210 3859; x_wconf 95' lang='lat' dir='ltr'><strong> </strong></span> 
     </span>
    </p>
   </div>
  </div>
 </body>
</html>
