2409 3859
402 472 415 483 ··
459 437 712 509 suanias)
965 440 1005 500 ³7

129 557 229 682 ,quid
249 602 333 676 dicit,
353 602 508 678 quodnon
529 601 615 661 modo
634 601 815 678 philosophia
841 601 961 678 dignum

142 700 206 770 sit,
220 700 283 779 sedA
292 698 431 758 mediocri
451 699 605 775 prudentia
613 699 640 757 la
659 697 816 759 ¹Quaeritur
836 698 962 776 PQm

112 804 137 865 ·',
158 797 189 857 in
217 816 253 868 ea
279 785 448 871 quastione,
475 815 539 871 quae
564 806 609 854 est
635 795 796 854 denatura
822 794 961 866 Deorum,

134 893 257 953 ·'sintne
283 893 334 965 Di,
361 910 455 951 necne
488 892 554 951 sint.
609 892 735 951 Difficile
765 902 808 949 est
837 905 966 972 negare3

159 991 258 1062 oredo,
269 991 294 1048 si
309 988 339 1047 iu
354 971 501 1069 eondiorrg
510 988 669 1064 quarratam
690 989 741 1048 sed
756 989 786 1047 in
797 987 961 1065 hujusmodi
973 996 990 1045 5

159 1109 303 1158 sermone,
318 1100 347 1147 et
360 1089 391 1147 in
405 1108 552 1159 consessu,
573 1089 750 1148 facillimum.
792 1088 905 1164 Itaque,
908 1106 963 1164 ego

160 1188 222 1265 ipse
234 1187 373 1263 pontifex,
389 1185 440 1261 qui
455 1186 635 1245 caerimonias
647 1185 859 1285 religionesque
870 1184 963 1261 publi-

160 1303 211 1343 oas
237 1282 420 1342 sanctissime
446 1283 568 1340 tuendas
595 1283 753 1354 arbitror,¹
746 1268 770 1341 is
764 1255 864 1353 hoo,
885 1281 963 1357 quod

159 1381 285 1457 primum
299 1390 352 1452 est,
361 1398 424 1438 esse
434 1379 514 1437 Deos
516 1379 700 1455 ,persuaderi
715 1379 785 1437 mibi
799 1397 889 1438 nono
865 1378 963 1460 Q

159 1478 333 1552 quenulam,
348 1476 397 1534 sed
419 1475 506 1533 etiam
529 1477 564 1533 ad
586 1476 735 1534 veritatem
754 1476 839 1552 plane
860 1476 1007 1533 velim:10

160 1573 253 1631 multa
266 1571 343 1631 enim
364 1582 530 1639 occurrunt,
546 1591 609 1647 quae
630 1573 812 1643 conturbent,
826 1582 859 1629 ut
879 1573 964 1630 inter·

161 1670 231 1727 dum
244 1668 315 1726 nulli
329 1687 391 1726 esse
405 1668 563 1725 videantur.
606 1668 664 1725 Sed
678 1668 752 1739 vide,
767 1687 852 1743 quam
866 1680 963 1725 tecum
1043 1668 1099 1725 Η

162 1785 244 1844 agam
258 1765 433 1824 liberaliter:
455 1784 519 1840 quae
534 1764 699 1822 communia
713 1774 780 1822 sunt
794 1764 874 1822 vobis
896 1783 962 1822 eum

160 1862 266 1921 ceteris
279 1861 465 1938 pbilosophis,
479 1880 537 1919 non
559 1860 709 1938 attingam,
724 1872 755 1919 ut
775 1861 832 1918 hoo
853 1861 962 1937 ipsum:

160 1962 254 2038 plaoet
267 1961 344 2019 eninr
358 1961 492 2019 omnibus
506 1961 574 2032 sere,
590 1960 716 2038 mihique
737 1961 792 2037 ipsi
811 1961 842 2018 in
855 1961 964 2038 primis,
977 1975 1008 2023 15

160 2058 241 2117 Deos
260 2076 340 2116 esse:
369 2057 464 2132 itaque
484 2076 542 2116 non
563 2077 678 2135 pugno:
707 2059 847 2117 rationem
868 2069 966 2117 tamen

160 2175 235 2229 eam,
250 2174 314 2230 quae
330 2174 346 2212 a
358 2164 387 2213 te
402 2155 526 2223 affertur,
540 2173 599 2213 non
613 2155 682 2213 satis
696 2156 806 2214 firmam
820 2167 898 2232 puto.

200 2347 320 2406 XXIII.
353 2347 444 2410 Quod
465 2348 541 2406 enim
569 2349 697 2407 omnium
724 2350 853 2429 gentium
880 2368 966 2428 gene·

153 2436 282 2521 rumque
297 2445 461 2503 hominibus
476 2445 515 2503 ita
529 2444 684 2518 videretur,
701 2446 730 2504 id
744 2448 814 2505 satis
826 2466 964 2524 magnum

161 2561 225 2617 esse
241 2553 439 2620 argumentum
454 2542 561 2612 dixisti,
576 2561 628 2601 our
642 2562 704 2602 esse
718 2543 797 2602 Deos
817 2546 966 2604 confitere-
976 2559 1011 2609 eu

162 2659 235 2703 mur.
276 2639 367 2701 Quod
382 2658 449 2697 oum
464 2639 527 2698 leve
547 2659 597 2715 per
618 2659 659 2709 se,
674 2652 735 2699 tum
755 2643 841 2700 etiam
862 2642 965 2700 falsum

125 2738 130 2746 '
161 2748 225 2796 est:
246 2737 369 2813 primum
383 2737 460 2795 enim
475 2737 553 2795 unde
566 2749 641 2796 notae
655 2739 707 2796 tibi
728 2750 794 2797 sunt
815 2740 967 2816 opiniones

162 2834 335 2892 nationuml
376 2831 519 2909 Equidem
535 2835 657 2893 arbitror
672 2836 774 2894 multas
788 2855 850 2894 esse
864 2849 966 2915 gentes

161 2930 206 2988 sio
221 2930 398 2988 immanitate
412 2929 552 3002 efferatas,
568 2942 599 2988 ut
614 2932 688 3007 apud
709 2951 757 2990 eas
777 2931 856 3011 nulla
875 2934 967 3010 suspi-

162 3027 211 3084 oio
236 3026 364 3085 Deorum
392 3026 438 3085 sit.
478 3027 583 3089 Quidl
624 3029 775 3106 Diagoras,
797 3024 895 3088 atheos
916 3031 1014 3106 quiffi
1053 3016 1099 3087 <el

162 3124 261 3210 dietus
286 3134 340 3196 est,
360 3135 518 3200 posteaque
537 3124 722 3198 Theodorus,
744 3145 841 3185 nonne
869 3139 967 3204 aperte

163 3220 292 3278 Deorum
325 3231 457 3280 naturam
485 3223 686 3286 sustuleruntl
721 3244 796 3285 nam
823 3223 995 3284 bbber‘xtes

350 3317 370 3374 d
