2409 3859
436 516 440 521 -
481 478 578 529 bruun
596 481 628 528 ss.
647 482 683 529 21.

212 630 303 691 XXI.
333 630 423 689 Hanc
436 631 522 709 igitur
535 632 564 689 in
578 630 668 690 stellis
681 629 883 702 constantiam,
899 627 974 685 hanc

179 738 286 788 tantam
307 739 368 786 tam
388 728 475 786 variis
494 729 627 787 cursibus
655 729 684 786 iu
710 726 791 785 omni
818 725 975 784 eternitate

178 824 411 884 convenientiam
423 835 592 901 temporum,
607 844 666 883 non
679 842 796 901 possum
816 822 975 898 intelligere

179 921 238 981 rina
251 931 362 993 ruente,
376 920 496 988 ratione,
511 921 640 980 consilio.
680 920 758 981 Qum
772 937 839 976 cum
853 917 882 974 in
903 916 976 975 side·

180 1018 255 1076 ribus
268 1018 366 1076 inesse
380 1017 534 1089 rideamus,
547 1037 605 1076 uon
619 1035 769 1094 possumus
782 1034 817 1074 ea
837 1014 898 1092 ipsa
918 1022 1004 1072 nond

180 1114 207 1172 iu
240 1114 373 1173 Deorum
400 1133 519 1173 numero
545 1133 690 1190 reponere.
744 1113 810 1171 Nec
838 1131 905 1170 vero
930 1111 975 1168 hae

180 1211 278 1283 rreltoe,
300 1229 367 1285 quae
387 1210 545 1269 inerrantes
565 1221 713 1281 vocantur,
733 1229 792 1267 non
812 1207 976 1286 significant

180 1306 298 1366 eundem
320 1316 447 1365 mentem
467 1318 551 1382 atque
569 1307 760 1384 prudentiam,
794 1325 913 1383 quarum
934 1314 977 1362 est

181 1403 359 1478 quotidiana,
387 1403 570 1476 conveniens,
598 1413 790 1478 constansque
817 1401 979 1461 conversio:

179 1514 236 1557 nec
258 1499 367 1557 habent
381 1499 513 1557 aetherios
526 1518 628 1557 cursus
641 1518 734 1575 neque
748 1500 819 1557 caelo
839 1498 977 1556 inhaeren-
990 1499 1021 1550 lo

181 1604 234 1669 tos,
254 1606 288 1654 ut
313 1595 446 1672 plerique
471 1595 572 1655 dicunt
590 1595 716 1672 physicae
736 1595 854 1653 rationis
876 1592 976 1670 ignari.

180 1690 249 1751 Non
263 1702 308 1750 est
320 1691 400 1750 enim
414 1692 526 1750 retheris
540 1711 573 1750 ea
587 1703 697 1764 natura,
713 1703 744 1749 ut
764 1691 791 1749 vi
812 1709 864 1748 sua
883 1688 978 1746 stellas

181 1789 331 1865 complexa
344 1799 546 1863 contorqueat:
568 1808 634 1846 nam
648 1787 754 1859 tenuis,
770 1807 803 1844 ac
815 1786 977 1862 perlucens,

180 1895 209 1943 et
221 1885 357 1961 mquabili
371 1885 467 1943 calore
480 1886 604 1944 suffusus
618 1886 715 1958 aether,
729 1903 788 1942 non
808 1883 876 1941 satis
897 1892 978 1957 aptus

182 1982 216 2041 ad
243 1982 341 2041 stellas
367 1982 556 2041 continendas
582 1982 701 2040 videtur.
749 1981 865 2039 Habent
891 1981 978 2058 igitur
991 1992 1022 2044 15

181 2097 262 2137 suam
275 2078 416 2155 sphreram
430 2079 520 2137 stellae
541 2079 699 2137 inerrantes
721 2079 756 2136 ab
776 2078 892 2136 aetheria
912 2096 992 2151 con-A

185 2176 339 2252 junctione
359 2186 499 2233 secretam
525 2186 554 2235 et
579 2176 708 2234 liberam.
749 2176 856 2233 Earum
884 2186 978 2233 autem

180 2289 323 2346 perennes
352 2290 453 2328 cursus
474 2282 557 2347 atque
577 2273 716 2348 perpetui,
732 2292 798 2330 cum
820 2258 979 2330 admirabili

182 2364 402 2441 incredibilique
416 2367 584 2437 constantia,
598 2366 746 2423 declarant
759 2367 788 2423 in
810 2366 854 2424 his
874 2367 930 2424 rim
951 2375 980 2422 et

181 2473 307 2520 urentem
322 2479 385 2519 esse
398 2461 541 2519 divinam:
562 2472 603 2532 ut,
620 2462 682 2519 haec
695 2462 756 2538 ipsa
770 2462 819 2537 qui
838 2482 897 2520 nou
918 2480 980 2519 sen·
991 2469 1023 2520 2⁰

182 2557 232 2616 tint
245 2558 376 2617 Deorum
390 2557 447 2615 viru
461 2558 575 2630 habere,
591 2557 615 2614 is
629 2557 699 2615 nihil
714 2559 832 2617 omuino
845 2577 980 2617 sensurus

183 2671 245 2714 erse
259 2655 398 2713 videatur.
439 2654 528 2712 Nulla
542 2654 629 2731 igitur
644 2655 672 2712 in
688 2656 760 2713 caelo
780 2674 835 2713 nec
856 2656 979 2724 fortuna,

183 2770 237 2809 uec
264 2752 421 2822 temeritas,
442 2770 497 2809 nec
524 2751 637 2822 erratio,
660 2770 714 2809 nec
741 2753 862 2810 varietas
889 2751 979 2808 inest:

185 2859 342 2923 contraque
363 2838 466 2904 omnis*
477 2847 558 2917 ordo,
580 2846 692 2919 veritas,
706 2844 790 2918 rat'io,
804 2848 980 2905 constantia:

183 2962 303 3021 quaeque
331 2943 375 3000 his
402 2954 513 3014 vacant,
534 2944 671 3002 ementita
697 2955 725 3002 et
746 2945 816 3001 falsa
841 2945 1025 3020 plenaquea'r

183 3041 288 3099 erroris
315 3050 385 3096 eunt
412 3039 521 3097 circum
554 3049 654 3111 terras,
682 3040 756 3097 infra
788 3040 884 3097 lunam
918 3059 981 3116 quae

183 3137 313 3208 omnium
327 3135 427 3193 ultima
447 3146 499 3204 est,
515 3136 544 3193 in
564 3136 702 3211 terrisque
723 3146 879 3194 versantur.
921 3138 982 3195 Car-

183 3234 296 3295 lestium
306 3252 376 3310 ergo
382 3233 581 3299 admirabilem
589 3235 728 3298 ordinem
734 3235 1009 3310 incredulumque

369 3331 392 3389 9
