2409 3859
206 472 245 535 to
471 483 514 530 us
532 482 667 530 uirum
685 480 831 529 osorum.

249 651 285 692 ex
300 633 420 692 atomist
441 652 499 692 uon
514 634 600 712 igitur
614 632 730 691 eterni:
752 614 831 708 quid,
839 631 919 690 euim
938 648 977 690 ex
993 641 1053 691 uto·
1092 664 1095 669 ·

250 731 306 788 mis
318 731 365 804 sit,
380 731 410 790 id
423 742 524 789 uatum
538 730 692 807 aliquando
712 729 757 788 sit.
799 729 832 788 Si
852 728 1052 803 communiti

251 827 290 885 Di
312 839 387 902 ante,
408 847 494 905 quam
520 829 599 886 usti:
627 838 656 886 et
682 827 707 885 si
734 837 814 913 ortus
840 837 884 885 est
911 826 1053 899 Deorum,

251 925 383 985 interitus
396 927 434 984 sit
447 944 566 984 necesse
578 936 631 993 est,
647 935 679 983 ut
693 936 724 984 tu
737 924 825 1002 paulo
844 934 912 982 rute
932 925 971 983 de
991 924 1054 985 Pis·

221 1037 238 1086 5
250 1023 327 1081 tonis
340 1024 448 1082 mundo
461 1022 634 1100 disputabas.
675 1022 733 1081 Ubi
745 1022 831 1100 igitur
842 1021 913 1080 iliud
927 1032 1055 1083 restrum

251 1121 366 1178 bertum
380 1129 409 1178 et
422 1090 582 1208 utemumd
601 1120 706 1196 quibus
718 1119 832 1177 duobus
851 1119 947 1178 verbis
966 1119 1056 1199 sigui·

249 1217 343 1274 ficetis
369 1193 479 1275 Deum?
525 1217 617 1280 Quod
651 1236 718 1274 cum
751 1217 866 1289 efficere
898 1216 998 1291 ruitis,
1025 1216 1056 1277 iu

251 1313 367 1371 dumeta
381 1315 539 1391 correpitis
581 1313 627 1372 Ita
640 1314 718 1372 enim
733 1314 860 1386 dicebas,
874 1330 934 1371 nou
947 1330 1056 1391 corpus

251 1428 314 1470 esse
335 1412 365 1469 in
386 1411 461 1484 Deo,
475 1412 525 1470 sed
546 1412 629 1488 quusi
649 1430 773 1489 corpus;
794 1429 850 1470 nec
869 1410 1056 1490 sanguinem,

211 1509 241 1560 10
251 1509 302 1568 sed
316 1519 452 1586 tunquam
466 1510 644 1588 sanguinem.

122 1712 135 1769 s,
163 1719 172 1797 j
291 1704 391 1764 XXV.
418 1703 487 1763 Hoc
511 1720 639 1781 persepe
666 1701 770 1775 facitis,
791 1712 833 1775 ut,
854 1718 923 1760 oum
944 1702 1056 1781 aliquid

251 1822 309 1862 non
325 1803 383 1862 veri
393 1802 488 1861 simile
498 1801 611 1873 dicatis,
624 1811 653 1859 et
663 1800 790 1877 effligere
800 1799 1056 1876 reprehensionem

250 1900 353 1972 velitis,
369 1898 493 1975 efferetis
507 1897 625 1974 aliquid,
641 1897 718 1973 quod
731 1896 851 1954 omuino
864 1915 902 1954 ue
914 1897 979 1955 fieri
994 1898 1057 1975 qui·

250 1997 317 2054 dem
329 1996 438 2072 possit:
460 2005 493 2052 ut
513 1995 602 2052 satius
623 1994 709 2052 suerit
729 1993 799 2052 illud
821 1994 924 2070 ipsum,
938 1995 976 2054 de
997 2014 1057 2073 quo

208 2105 237 2152 15
251 2094 458 2170 ambigebatur,
481 2091 652 2163 concedere,
674 2111 760 2168 quam
786 2102 845 2150 tam
872 2092 1056 2169 impudenter

250 2191 390 2248 resistere.
432 2189 520 2247 Velut
534 2188 689 2264 Epicurus,
704 2208 771 2247 cum
792 2188 911 2261 videret,
925 2188 950 2247 si
966 2191 1055 2250 atomi

250 2291 390 2347 ferrentur
404 2289 434 2345 in
442 2257 539 2345 docum
549 2286 712 2344 inferiorern
723 2297 825 2362 suopte
835 2287 972 2362 pondere,
981 2289 1055 2348 nibil

249 2389 309 2447 fore
331 2389 359 2446 in
373 2397 470 2445 nostra
482 2395 632 2462 potestate,
647 2384 724 2460 quod
745 2395 820 2442 esset
839 2403 939 2443 earum
959 2397 1057 2447 motus

249 2496 345 2545 certus
358 2497 387 2543 et
400 2483 595 2554 necessarium
618 2482 727 2540 invenit
747 2499 804 2558 quo
825 2482 910 2540 modo
930 2484 1056 2543 uecessi-

204 2595 236 2644 20
249 2595 335 2642 tatem
351 2582 500 2658 effugeret,
511 2580 590 2656 ¹quod
603 2579 739 2637 videlicet
753 2578 953 2637 Democritum
975 2580 1056 2659 fuge-

249 2693 300 2741 rat.
355 2679 407 2737 Ait
441 2692 577 2745 atomum,
606 2695 673 2734 cum
707 2677 833 2753 pondere
859 2687 888 2734 et
915 2678 1056 2754 gravitate

249 2779 358 2837 directa
399 2775 518 2833 deorsus
558 2772 674 2847 seratur,
708 2774 855 2832 declinare
894 2775 1054 2850 paululum.

136 2884 182 2941 'ic
249 2876 318 2934 Hoc
345 2874 442 2932 dicere
462 2872 573 2948 turpius
594 2882 647 2943 est,
668 2891 754 2947 quum
776 2871 856 2943 illud,
877 2873 954 2948 quod
982 2874 1054 2948 vult,

248 2993 307 3031 non
320 2990 405 3049 posse
420 2969 582 3028 defendere.
624 2968 706 3026 Idem
721 2968 790 3027 iacit
810 2979 910 3027 contra
923 2969 1055 3030 disiecti·

204 3087 236 3138 25
249 3089 316 3127 cos:
339 3068 472 3144 aquibus
486 3085 552 3124 cum
572 3065 710 3123 traditum
730 3065 776 3138 sit,
792 3066 821 3124 in
842 3067 977 3126 omnibus
996 3066 1055 3128 dis·

249 3164 462 3244 junctionibus,
478 3162 508 3219 in
522 3162 627 3238 quibus
641 3170 693 3219 aut
712 3161 798 3220 ctiam
817 3170 870 3219 out
889 3180 946 3220 uon
964 3182 1055 3240 pone

232 3273 324 3335 retur,
350 3261 528 3322 atterutrum
548 3276 653 3320 serum
679 3274 763 3329 esset
786 3256 1065 3332 certissimum&
