2409 3859
487 474 584 527 tmen
603 481 635 528 rr.
655 481 689 528 rs.
989 468 1030 531 89

181 630 336 688 tribuenda
349 640 394 688 est
413 629 556 690 sideribus
576 631 677 689 eadem
699 631 849 703 divinitas3
871 649 934 707 quae
948 648 985 688 ex

181 729 371 787 mobilissima
380 729 589 807 purissimaque
600 731 714 789 aetheris
723 741 803 808 parte
816 730 983 808 gignuntur,

181 845 275 902 neque
288 826 349 884 ulla
360 837 498 902 praeterea
510 839 577 886 sunt
598 828 723 886 admixta
742 839 854 898 natura,
868 837 983 903 totaque

180 933 247 987 sunt
267 923 365 980 calida
385 934 469 998 atque
481 925 646 1000 perlucida:
668 936 699 982 ut
712 944 747 984 ea
760 943 873 1001 quoque
886 925 984 982 rectis·

180 1021 252 1078 sime
265 1031 294 1078 et
310 1019 467 1079 animantia
480 1040 552 1094 esse,
563 1033 592 1079 et
606 1023 712 1080 sentire
726 1033 810 1098 arque
823 1021 983 1098 intelligere
994 1036 1011 1083 5

181 1117 323 1175 dicautur.
366 1116 464 1193 Atque
477 1138 511 1176 ea
525 1119 642 1194 quidem
656 1130 716 1178 tota
729 1138 791 1178 esse
805 1119 899 1197 ignea,
914 1118 983 1176 duo·

179 1234 242 1274 rurn
276 1235 415 1275 sensuum
444 1218 609 1276 testimonio
636 1219 800 1277 confirmari
827 1219 982 1277 Cleanthes

179 1324 269 1389 putat,
297 1324 394 1371 tactus
420 1326 449 1372 et
475 1315 633 1373 oculorum.
675 1315 751 1373 Nam
779 1316 848 1373 solis
875 1317 981 1374 candor

180 1410 319 1468 illustrior
348 1422 392 1467 est
418 1430 504 1486 quam
524 1411 612 1469 uilius
632 1412 716 1489 ignis,
738 1412 842 1489 quippe
861 1413 910 1488 qui
931 1413 982 1470 im-

180 1526 279 1566 menso
295 1508 477 1565 mundorum
491 1509 577 1586 longe
591 1508 706 1584 lateque
727 1509 886 1567 colluceat:
908 1521 937 1567 et
957 1511 982 1567 is
996 1515 1026 1564 10

180 1604 241 1681 ejus
254 1614 352 1662 tactus
366 1614 417 1676 est,
433 1624 490 1662 non
504 1616 536 1662 ut
550 1605 702 1681 tepefaciat
716 1605 819 1676 solum,
831 1605 881 1663 sed
895 1606 982 1663 etiam

180 1720 254 1778 saepe
275 1700 436 1759 comburat.
477 1701 614 1763 Quorum
634 1711 767 1759 neutrum
789 1701 905 1774 faceret,
926 1702 982 1761 nisi

180 1808 254 1856 esset
274 1798 387 1875 igneus.
429 1797 516 1875 Ergo,
538 1798 641 1873 inquit,
663 1816 730 1855 curn
743 1797 791 1855 soi
814 1797 915 1874 igneus
935 1799 981 1872 sit,

180 1893 353 1970 Oceanique
381 1894 471 1952 alatur
499 1895 676 1966 humoribus,
698 1893 881 1970 quianullus
907 1895 983 1974 ignis

180 1991 243 2050 siue
262 2001 347 2067 pastu
370 1991 465 2066 aliquo
484 1992 574 2068 possit
593 2009 779 2068 permanere:
801 2011 919 2052 necesse
939 2004 983 2052 est
997 1997 1026 2047 15

181 2098 229 2146 aut
248 2089 276 2146 ci
298 2087 400 2145 similis
419 2087 456 2146 sit
470 2088 540 2166 igni,
555 2108 641 2164 quem
662 2088 829 2148 adhibemus
850 2091 885 2148 ad
899 2111 982 2149 usum

183 2195 266 2260 atque
280 2185 404 2255 rictum;
428 2195 475 2243 aut
489 2185 526 2256 ei,
540 2186 590 2261 qui
606 2186 773 2262 corporibus
794 2187 982 2246 animantium

182 2282 355 2339 continetur.
397 2281 495 2357 Atque
516 2282 564 2339 bic
584 2296 681 2340 noster
702 2282 786 2359 ignis,
807 2303 893 2359 quern
914 2304 983 2343 usus

182 2378 245 2434 vitae
267 2376 396 2452 requirit,
412 2378 559 2435 consector
580 2388 624 2435 est
644 2388 673 2435 et
693 2389 878 2455 consumptor
892 2381 983 2437 omni·

181 2496 241 2546 urn,
257 2477 402 2551 idemque,
424 2495 607 2552 quocumque
628 2477 739 2549 invasit,
755 2490 861 2537 cuncta
880 2479 983 2536 disturss
994 2481 1026 2531 20

182 2572 229 2630 bat
257 2591 291 2630 ac
319 2571 445 2648 dissipat.
487 2571 596 2629 Contra
623 2571 671 2628 ille
698 2590 862 2649 corporeus,
890 2574 983 2632 vitalis

182 2679 209 2725 et
223 2667 365 2739 salutaris,
380 2668 476 2726 omnia
491 2679 650 2740 conservat,
666 2668 724 2741 alit,
741 2681 835 2748 auget,
850 2670 981 2742 sustinet,

182 2783 325 2840 sensuque
354 2765 449 2822 afficit.
491 2764 589 2842 Negat
610 2784 679 2842 ergo
700 2784 762 2823 esse
783 2766 911 2837 dubium,
932 2768 982 2825 ho-

181 2880 244 2918 rum
266 2861 377 2938 ignium
398 2861 440 2918 soi
461 2862 518 2919 utri
538 2861 640 2919 similis
659 2862 706 2934 sit,
728 2880 794 2920 curn
816 2863 840 2918 is
868 2882 982 2940 quoque

181 2959 297 3028 efficiat,
326 2967 358 3014 ut
383 2958 480 3016 omnia
507 2958 637 3029 floreant,
665 2968 693 3015 et
722 2957 751 3015 in
779 2977 832 3016 suo
859 2974 1027 3036 quaequeffi

182 3073 287 3132 genere
297 3053 465 3129 pubescant.
506 3054 608 3116 Quare
623 3073 689 3111 cunr
703 3053 771 3110 solis
786 3054 860 3131 ignis
880 3055 983 3115 similis

182 3169 282 3208 eorum
297 3150 406 3226 ignium
422 3150 467 3220 sit,
483 3150 532 3225 qui
546 3162 615 3208 sunt
629 3149 659 3207 in
674 3149 843 3224 corporibus
857 3150 985 3212 animan·

181 3246 259 3317 tium,
281 3245 371 3305 soiern
392 3264 509 3327 quoque
530 3248 717 3311 animantem
736 3264 805 3306 esse
828 3257 964 3324 oporto,
977 3257 1016 3304 ex

367 3343 417 3404 g·
