2409 3859
436 520 441 528 ,
493 474 590 522 arara
609 475 629 522 1.
647 476 677 522 u
993 468 1032 529 Β

218 624 336 683 XXIV.
367 625 443 683 Haec
471 643 528 701 ego
555 645 633 683 nunc
659 627 843 702 physicorum
870 629 988 687 oracula
1050 665 1053 688 t

185 721 294 780 fundo:
317 742 395 794 vera,
419 742 456 779 an
486 723 565 793 falsa,
586 725 698 794 nesci03
727 724 778 781 sed
807 725 864 782 veri
891 737 986 783 tamen

185 820 319 877 similiora
321 839 432 895 ,quarn
449 831 559 877 vestra.
581 821 636 877 ista
656 840 733 879 emm
754 821 863 898 flagitia
882 822 987 880 Demo-

186 919 255 988 criti,
277 919 338 975 sive
365 918 454 975 etiam
478 878 543 973 aiiie
563 917 713 993 Leucippi,
734 937 797 976 esse
818 920 999 994 corpuscula.

185 1015 311 1089 quaedam
341 994 427 1086 levia,
452 1013 509 1070 alia
530 1032 639 1089 aspera,
660 1015 782 1072 rotunda
804 1016 858 1072 alia
861 1018 1015 1091 ,partim5

187 1112 276 1168 autem
292 1111 438 1188 angulata,
452 1120 569 1168 curvata
579 1112 708 1186 quaedam
720 1122 749 1169 et
762 1112 843 1186 quasi
859 1114 986 1172 adunca:

186 1226 218 1264 ex
236 1209 281 1266 bis
301 1209 440 1266 effectum
462 1226 525 1265 esse
546 1208 646 1265 caelum
669 1219 753 1283 atque
774 1220 887 1282 terram,
909 1212 987 1269 nulla

186 1316 304 1382 cogente
331 1314 446 1376 natura,
469 1303 519 1361 sed
546 1323 688 1362 concursu
716 1306 838 1380 quodam
860 1308 984 1366 fortuito'.

187 1399 268 1459 Hanc
294 1413 327 1459 tu
352 1401 534 1478 opinionem,
555 1400 590 1458 O.
612 1401 715 1472 Vellei,
737 1422 827 1493 usque
848 1404 883 1460 ad
911 1405 986 1462 hanc

186 1509 292 1556 etatem
306 1497 477 1575 perduxisti,
492 1497 626 1573 priusque
640 1510 669 1557 te
683 1498 752 1574 ‘quis
773 1500 809 1557 de
829 1502 907 1559 omni
921 1503 985 1559 vitae
999 1515 1027 1563 lt

186 1607 255 1653 statu
282 1617 369 1672 quam
398 1596 436 1652 de
465 1595 518 1651 ista
546 1595 716 1652 auctoritate
737 1596 890 1671 dejecerit:
920 1609 986 1654 ante

185 1694 257 1751 enim
274 1692 415 1770 judicasti
437 1691 614 1768 Epicureum
633 1703 663 1750 te
677 1711 739 1749 esse
754 1703 885 1767 oportere
899 1712 985 1768 quarn

185 1790 235 1848 ista
247 1789 419 1868 cognovisti.
461 1787 507 1846 Ita
520 1807 638 1847 necesse
652 1788 705 1846 suit
727 1799 775 1845 aut
795 1789 857 1846 haec
877 1789 986 1866 flagitia

184 1888 333 1966 ¹concipere
348 1886 457 1956 animo,
471 1895 520 1943 aut
529 1872 669 1961 sds‘ceptae
678 1884 865 1961 philosophia
879 1905 983 1946 nomen

185 1986 318 2043 amittere
360 1983 446 2045 Quid
460 1983 537 2040 enim
552 1981 671 2054 merem,
688 1993 719 2039 ut
739 1982 900 2058 Epicureus
921 2005 983 2044 esse
999 1995 1026 2043 15

183 2081 314 2147 desinissl
356 2079 453 2137 ·Nibil
482 2079 625 2154 equidem,
654 2079 757 2154 inquis,
773 2090 816 2152 ¹ut
843 2083 982 2140 rationem

183 2177 244 2236 rita
269 2180 364 2236 beatae
393 2175 598 2251 veritatemque
625 2176 762 2234 deseram.
809 2177 869 2236 Ista
896 2179 983 2257 igitur

182 2276 368 2377 estperitpsl
409 2273 488 2331 Nam
508 2273 544 2331 de
564 2273 622 2330 vita
642 2273 724 2331 beata
744 2264 816 2331 nibil
836 2294 981 2352 repugno;

182 2366 275 2447 quani
278 2384 311 2431 tu
326 2390 364 2430 ne
378 2371 409 2428 in
423 2370 488 2428 Deo
502 2369 618 2445 quidem
633 2387 695 2426 esse
706 2388 817 2442 censes,
828 2373 884 2429 nisr
876 2372 982 2447 plane

182 2469 238 2527 otio
250 2471 397 2547 langueat.
439 2467 498 2525 Sed
513 2467 563 2524 ubi
577 2477 621 2524 est
634 2466 759 2525 veritasl
799 2469 833 2527 In
855 2468 980 2539 mundis,
994 2483 1025 2533 20

182 2567 262 2639 cedo,
284 2564 554 2635 innumerabilibus,
575 2563 709 2623 omnibus
728 2564 855 2622 minimis
874 2575 982 2640 tempo-

181 2681 242 2721 rum
262 2663 390 2740 punctis,
413 2661 476 2719 aliis
495 2660 691 2734 nascentibus,
713 2663 775 2720 aliis
796 2661 979 2720 cadentibus:

182 2778 216 2817 ru
230 2760 259 2818 in
274 2758 433 2818 individuis
446 2742 707 2844 corpuscul‘mfiam
726 2759 863 2835 praeclara
883 2775 978 2833 opem,

181 2857 258 2914 nulla
272 2856 440 2914 moderante
448 2865 559 2925 natura,
571 2854 649 2912 nulla
660 2855 979 2937 rationefflngentibusl

181 2953 238 3011 Sed
259 2953 366 3011 oblitus
385 2952 563 3010 liberalitatis
584 2970 664 3023 meae,
685 2972 742 3027 qua
768 2964 864 3010 tecum
891 2954 1019 3027 pauloz‘

181 3049 301 3107 autenti
317 3066 470 3124 coeperam,
484 3049 567 3125 plura
587 3049 769 3126 complector.
811 3046 978 3124 Concham

181 3145 276 3223 igitur,
297 3165 332 3204 ex
359 3144 514 3203 individuis
541 3155 673 3203 constare
693 3144 798 3202 omnia.
838 3141 920 3203 Quid
943 3146 978 3203 ad

176 3245 259 3301 tem?
287 3243 421 3303 Deorum
434 3244 515 3307 enim
529 3244 804 3326 naturaquaritur.
839 3239 1006 3326 &tntaque
1050 3246 1052 3267 ³
