2409 3859
493 450 630 505 musar.
648 454 685 501 m
1000 443 1041 503 65

178 605 223 682 qui
237 623 280 679 ea,
292 625 361 683 quae
375 602 554 682 prodessent
568 605 717 664 homiuum
730 605 808 679 vitae,¹
821 604 950 664 Deorum
964 604 995 663 iu

178 721 295 763 numero
309 704 417 762 habita
427 722 493 777 esse
504 703 586 776 dixit,
598 722 684 779 quam
696 704 813 762 tandem
824 704 995 781 religionem

179 802 313 877 reliquitl
355 801 470 865 Quid?
493 801 542 877 qui
564 812 614 860 aut
635 802 733 874 fortes,
750 811 800 859 aut
821 801 925 873 claros,
946 811 995 859 aut
1052 807 1076 854 tl

179 910 308 975 potentes
321 899 403 957 viros
417 899 538 957 tradunt
547 910 612 976 post
626 912 748 958 mortem
760 900 796 957 ad
806 899 886 957 Deos
895 917 993 975 perve-

180 996 263 1069 nisse,
278 1016 391 1073 eosque
406 1015 471 1055 esse
485 996 571 1073 ipsos,
587 1016 659 1073 quor
677 1017 730 1056 nos
750 997 856 1069 colere,
870 995 1023 1073 precario

180 1097 370 1172 venerarique
397 1095 553 1168 soleamus,
575 1114 673 1154 nonne
693 1106 824 1173 expertes
843 1105 910 1153 sunt
930 1094 995 1152 reli·

181 1191 299 1268 gionurn
314 1193 473 1265 omnium?
496 1212 559 1268 quae
573 1194 649 1251 ratio
669 1194 792 1252 maxime
809 1178 935 1253 v'tractata
957 1192 993 1250 ab

177 1288 348 1349 'Euhemero
374 1301 429 1362 est,
451 1309 537 1366 quem
565 1301 664 1350 noster
692 1302 721 1349 et
741 1292 943 1369 interpretatus
963 1302 993 1349 et

180 1398 296 1446 meatus
322 1398 379 1457 est,
407 1399 511 1465 praeter
539 1398 662 1460 ceteros,
690 1389 811 1448 Ennius.
859 1389 908 1446 Ab
934 1389 993 1447 Eu-

181 1483 297 1544 hemero
319 1496 424 1544 'autem
451 1496 481 1544 et
507 1497 625 1558 mortes,
646 1497 676 1545 et
698 1486 854 1563 sepulturae
875 1486 992 1544 demon·
1005 1492 1037 1542 10

181 1595 304 1642 serantur
326 1585 468 1643 Deorum.
509 1585 614 1643 Utrum
634 1585 723 1662 igitur
743 1585 792 1642 hic
806 1584 992 1642 confirmasse

181 1679 291 1740 ridetm
311 1682 497 1760 religionem,
517 1701 553 1741 an
573 1684 689 1760 penitus
709 1693 799 1741 totam
820 1680 990 1738 sustulisse?

181 1777 292 1839 Omitto
306 1779 480 1839 Eleusinum
494 1791 624 1838 sanctam
639 1781 718 1839 illam
731 1788 761 1839 et
776 1787 937 1856 augustam,

287 1935 304 1963 “
312 1930 364 1980 Ubi
375 1930 509 1979 initiantur
519 1937 610 1997 gentes
620 1946 720 1980 orarum
732 1929 854 1979 ultimoe.”

182 2073 332 2135 praterea*
339 2074 583 2166 Samothraciam,
598 2094 700 2152 eaque,
714 2095 778 2153 quae
792 2075 896 2140 Lcmni
1002 2090 1035 2140 15

277 2209 301 2265 ’“
310 2232 443 2282 Nocturno
454 2232 525 2282 aditu
537 2233 638 2282 occulta
648 2233 777 2297 coluntur,

313 2313 478 2365 silvestribus
490 2315 599 2379 saepibus
612 2314 716 2364 densa.''

182 2457 300 2522 Quibus
339 2458 491 2536 explicatis
525 2459 559 2516 ad
600 2458 799 2537 rationemque
837 2455 989 2537 revocatis,

183 2574 278 2645 rerum
291 2557 510 2645 magisjnatura
530 2557 728 2636 cognoscitur,
743 2580 828 2636 quam
850 2562 988 2622 Deorum.

221 2752 334 2812 XLIII.
364 2752 440 2811 Mihi
468 2753 585 2829 quidem
614 2753 702 2812 etiam
729 2756 925 2830 Democritus,
946 2759 1034 2818 vir20
1069 2756 1075 2805 ¹

183 2869 305 2929 magnus
326 2851 485 2927 inprimis,
507 2853 590 2930 cujus
611 2853 740 2912 fontibus
760 2855 905 2931 Epicurus
926 2856 990 2916 hor·
1073 2836 1075 2838 V

183 2950 259 3008 tulos
286 2967 354 3007 suos
381 2950 519 3028 irrigavit,
545 2962 649 3009 nutare
677 2953 788 3011 videtur
823 2951 852 3009 iu
887 2934 1008 3030 naturas

183 3044 321 3105 Deorum.
363 3047 443 3106 Turn
458 3048 535 3106 enim
557 3060 658 3107 censet
678 3050 819 3127 imagines
839 3048 991 3114 divinitate¹
1003 3031 1017 3106 i
1057 3123 1060 3127 ,

183 3144 318 3220 praeditas
331 3145 425 3204 inesse
437 3147 616 3205 universitati
630 3166 742 3206 rerum:
763 3158 824 3205 turn
835 3143 1019 3229 principia,.3·j

180 3251 356 3318 mentesque,
378 3264 445 3324 que
472 3258 544 3310 suut
570 3248 605 3312 in
626 3247 735 3311 eodem
753 3244 1060 3329 uniuersofflm‘b

371 3344 418 3407 6·
1052 3372 1054 3376 ⁴
