2409 3859
366 477 369 484 ’
442 483 486 529 DE
504 480 640 530 Nasum
657 481 802 528 DEORUM.

223 640 329 704 autern,
349 631 398 707 qui
417 650 464 691 ras
483 632 623 704 occultas,
643 641 672 689 et
690 632 805 707 penitus
826 630 936 689 abditas
962 648 1020 689 non

222 729 309 786 modo
335 729 444 788 viderat
471 729 575 801 animo,
600 730 651 787 sed
677 729 763 787 etiam
790 728 833 786 sic
859 738 963 786 tractat
990 739 1022 787 ut

223 808 320 899 manti,
334 827 419 885 docet
439 845 501 884 earn
523 845 585 884 esse
605 827 663 884 vim
683 835 712 884 et
731 837 861 883 naturam
881 821 1020 897 Deorum,

222 934 255 980 ut
274 928 398 999 primurn
417 941 477 980 non
496 941 592 994 sensu,
606 923 666 980 sed
677 933 773 979 mente
794 920 944 992 comatum
966 901 1022 981 riec

195 1018 366 1084 §soliditate
385 1017 518 1092 quadam,
531 1036 588 1076 nec
608 1017 644 1075 ad
664 1035 826 1089 numerum,
843 1027 879 1085 ‚ut
899 1036 943 1088 ea,
957 1036 1022 1093 quae

224 1115 273 1173 ille
303 1125 418 1191 propter
444 1115 607 1173 firmitatem
634 1116 784 1188 στερέμνια
812 1114 943 1190 appellat,
971 1115 1021 1172 sed

223 1211 406 1288 imaginibus,
421 1211 609 1270 similitudine
628 1225 658 1269 et
677 1211 845 1268 transitione
854 1204 1021 1291 perceptis:

224 1326 290 1366 cum
318 1308 429 1366 infinita
448 1307 658 1367 simillimarum
676 1308 836 1385 imaginum
856 1307 968 1384 species
988 1325 1023 1366 ex

224 1405 480 1462 innumerabilibus
506 1405 661 1462 individuis
687 1404 799 1476 existat,
827 1413 857 1462 et
877 1404 1024 1481 ΜΨ)

181 1508 212 1558 10
225 1502 330 1585 Q
351 1521 418 1560 curn
442 1502 572 1560 maximis
592 1501 785 1578 voluptatibus
805 1502 835 1560 in
855 1520 904 1560 eas
925 1501 1025 1579 imagi·

224 1617 276 1657 nes
290 1603 412 1657 mentem
428 1600 576 1671 intentam,
591 1599 765 1674 infixamque
778 1609 903 1657 nostram
921 1598 1025 1655 intelli·

224 1695 362 1772 gentiam,
374 1713 476 1772 capere
490 1714 553 1771 qun
566 1694 604 1753 sit
617 1705 647 1752 et
660 1696 744 1753 beata
755 1706 857 1753 natura
870 1703 899 1753 et
910 1704 1023 1753 eterna

122 1887 175 1952 ‘50
264 1887 350 1947 XIX.
384 1888 504 1946 Summa
524 1906 591 1946 vero
617 1888 661 1946 vis
686 1888 835 1946 infinitatis
857 1853 964 1966 magni
991 1905 1026 1946 nc

225 1984 356 2065 diligenti
377 1985 619 2063 contemplatione
638 1985 805 2063 dignissima
824 1995 884 2044 est:
901 1986 943 2043 >in
970 2003 1026 2061 qna

183 2093 213 2141 15
227 2075 348 2159 intelligi
362 2099 481 2139 necesse
494 2068 701 2154 est‚'·²e'arir'esse
720 2091 862 2155 naturam,
877 2091 908 2140 nt
929 2083 1026 2140 omnia

225 2178 359 2236 omnibus
372 2178 489 2254 paribus
502 2179 582 2255 paria
592 2179 803 2257 respondeant:
818 2179 894 2237 hanc
908 2185 1027 2249 ἰσονομί-

227 2293 262 2328 αν
277 2274 400 2352 appellat
420 2275 574 2352 Epicurus,
595 2275 624 2332 id
645 2285 698 2345 est,
713 2275 881 2351 aequabilem
895 2275 1027 2334 tributio·

227 2389 302 2430 nem.
344 2371 390 2429 Ex
403 2372 457 2430 hac
471 2372 558 2450 igitur
579 2371 649 2429 illud
670 2372 803 2444 efficitur,
817 2372 842 2430 si
863 2373 1026 2430 mortalium

217 2461 307 2549 <tanin
320 2469 473 2527 multitudo
492 2468 539 2541 sit,
553 2487 617 2528 esse
636 2468 837 2527 immortalium
857 2487 917 2527 non
938 2469 1027 2526 mino·

184 2546 305 2629 mrem:
327 2576 365 2636 et,
380 2565 415 2638 si,
436 2565 696 2641 quainterimant,
717 2565 939 2623 innumerabilia
959 2566 1026 2639 sint,

228 2664 314 2722 etiam
342 2681 386 2735 ea,
407 2681 470 2738 quas
497 2673 677 2734 conservent,
698 2661 810 2720 infinita
829 2680 893 2720 esse
913 2662 1026 2720 debere.

229 2759 267 2817 Et
300 2778 427 2836 quaerere
454 2779 471 2818 a
496 2759 590 2830 nobis,
618 2759 717 2832 Balbe,
744 2758 854 2832 soletis,
881 2779 945 2835 qnae
972 2759 1027 2817 vita

110 2854 156 2931 51
228 2857 357 2916 Deorum
378 2858 425 2931 sit,
445 2876 572 2934 quaeque.
587 2856 623 2915 ab
649 2856 694 2914 his
720 2843 841 2934 deg'atur
868 2868 943 2915 aetas.
985 2855 1027 2913 Ea

229 2954 371 3027 videlicet,
388 2930 445 3031 qu'd
464 2954 536 3012 nihil
557 2953 678 3025 beatius,
699 2954 770 3017 nibil
791 2954 926 3011 omnibus
946 2952 1027 3011 bonis

186 3061 217 3112 25
231 3050 391 3109 affluentius
403 3051 524 3129 cogitari
537 3061 650 3127 potest3
669 3050 741 3108 nihil
756 3049 834 3125 enim
850 3049 927 3126 agit:
942 3049 1027 3107 nullis

227 3148 468 3223 occupationibus
487 3158 530 3206 est
550 3147 729 3224 implicatus:
750 3136 830 3205 nulla
849 3132 936 3222 opera
949 3147 1027 3206 moli·

210 3250 283 3303 tur:
301 3262 359 3305 sua
373 3245 521 3325 snpientia
534 3255 565 3307 et
576 3245 683 3305 virtute
695 3242 821 3323 gandae.
835 3242 927 3300 babet
935 3243 1027 3320 explo-
