2409 3859
419 488 422 495 ·
488 470 584 523 urana
603 472 636 519 u.
654 473 677 519 a
981 440 1029 520 Ι715

181 636 241 679 me
255 619 330 678 vitio
343 617 399 677 sibi
412 621 627 680 tabernaculum
642 633 759 699 ceptum
774 622 871 694 fuisse,
886 623 984 681 hortos

182 718 340 796 Scipionis,
361 719 446 794 quod,
469 738 535 776 curn
562 721 736 797 pomoerium
762 732 863 796 postea
882 721 984 779 intras·

181 827 232 889 aet,
259 816 388 874 habendi
413 828 528 875 senatus
555 837 652 891 causa,
675 819 705 875 in
732 818 888 890 redeundo,
917 838 984 876 cum

182 912 255 970 idem
268 911 442 989 pomoerium
457 902 598 986 transiret,
615 913 758 989 auspicari
772 924 847 971 esset
861 914 982 973 oblitus:

182 1008 277 1085 itaque
290 1008 362 1067 vitio
376 1020 487 1067 creatos
500 1011 635 1068 eonsules
655 1029 726 1068 esse.
768 1011 904 1088 Augures
923 1029 983 1068 rem
996 1027 1013 1075 5

183 1106 216 1164 ad
241 1117 393 1164 senatum:
427 1118 551 1176 senatus,
580 1118 612 1166 ut
640 1107 806 1167 abdicarent
834 1109 983 1167 consules:

184 1205 396 1264 abdicaverunt.
437 1204 514 1266 Quae
528 1206 686 1281 quaerimus
706 1208 837 1283 exempla
856 1207 983 1284 majoral

181 1302 232 1361 Vir
252 1301 481 1380 sapientissimus
502 1314 586 1380 atque
608 1303 684 1360 haud
705 1305 766 1362 scio
794 1325 830 1362 an
855 1306 984 1364 omnium

181 1401 441 1478 prestantissimae,
468 1412 620 1477 peccatum
654 1421 749 1474 suum,¹
783 1403 860 1479 quod
894 1403 983 1461 celari

180 1511 284 1576 posset,
299 1499 432 1558 confiteri
446 1499 547 1557 maluit
562 1519 648 1575 quam
663 1501 771 1558 haerere
785 1502 815 1559 in
836 1502 983 1577 republica
996 1510 1027 1560 1⁰

182 1596 367 1675 religionem:
396 1597 528 1654 consules
549 1616 692 1655 summurn
714 1597 866 1673 imperium
887 1598 982 1654 statim

181 1692 334 1768 deponere,
362 1711 448 1769 quam
476 1692 506 1749 id
538 1703 638 1751 tenere
672 1703 811 1768 punctum
846 1693 982 1767 temporis

182 1801 280 1848 contra
302 1789 483 1866 religionem.
524 1788 635 1866 Magna
656 1808 795 1866 augurum
818 1789 981 1848 auctoritas.

180 1886 283 1950 Quidt
319 1886 503 1963 haruspicum
538 1906 593 1954 ars,
628 1904 725 1943 nonne
758 1884 874 1944 divina-l
908 1886 982 1945 Haeo

182 1984 402 2043 innumerabilia
417 2003 453 2041 ex
468 1983 568 2041 eodem
583 2002 690 2060 genere
704 1984 753 2060 qui
767 1983 871 2057 videat,
886 2004 982 2044 nonne
995 1995 1026 2045 1⁶

181 2092 301 2161 cogatur
329 2081 460 2139 confiteri
488 2081 568 2138 Deos
602 2082 687 2143 essel
740 2080 876 2142 Quorum
904 2083 981 2141 enim

181 2177 350 2256 interpretes
363 2188 439 2250 sunt,
455 2197 505 2236 eos
520 2179 596 2254 ipsos
610 2197 674 2236 esse
687 2188 766 2235 certe
779 2197 898 2238 necesse
919 2190 980 2238 est:

179 2274 308 2335 Deorum
324 2286 419 2333 autem
434 2275 602 2351 interpretes
617 2284 697 2332 sunt:
719 2274 798 2334 Deos
812 2277 898 2354 igitur
919 2295 982 2334 esse

181 2376 328 2435 fateamur.
370 2374 411 2432 At
426 2375 546 2433 fortasse
559 2393 619 2432 non
639 2375 737 2432 omnia
757 2377 903 2448 eveniunt,
918 2394 981 2450 quae

179 2475 316 2551 praedicte
331 2483 407 2530 sunt.
448 2471 496 2530 Ne
510 2471 579 2548 aegri
594 2471 711 2546 quidem
730 2473 797 2549 quia
807 2494 867 2531 non
881 2491 981 2530 omnes
993 2475 1026 2526 ω

180 2571 395 2642 convalescunt,
423 2568 534 2626 idcirco
561 2587 606 2625 ars
632 2569 711 2627 nulla
737 2570 882 2628 medicina
915 2570 979 2626 estl

181 2668 269 2746 Signa
298 2667 487 2724 ostenduntur
516 2664 600 2722 aDis
620 2685 714 2724 rerum
736 2668 904 2725 suturarum.
945 2665 981 2724 In

180 2764 224 2823 his
251 2765 275 2822 si
297 2763 345 2838 qui
368 2771 543 2834 erraverunt,
565 2781 624 2821 non
645 2763 774 2821 Deorum
795 2773 908 2834 nature,
929 2764 980 2822 sed

180 2860 330 2918 hominum
365 2859 532 2936 conjectura
569 2861 709 2934 peccavit.
770 2860 872 2934 Itaque
906 2861 981 2919 inter

180 2977 279 3015 omnes
294 2957 421 3015 omnium
437 2954 566 3032 gentium
577 2975 688 3014 summa
699 2966 826 3014 constat:
848 2957 981 3015 omnibus
993 2967 1025 3017 25

179 3054 258 3112 enim
273 3053 402 3111 innatum
417 3061 471 3122 est,
486 3060 515 3107 et
530 3050 559 3108 in
575 3052 672 3110 animo
692 3053 773 3128 quasi
794 3051 980 3128 insculptum,

179 3168 243 3210 esse
258 3150 346 3208 Deos.
