2409 3859
553 463 652 510 ursan
670 464 690 510 1.
710 425 755 511 uf
1055 456 1091 515 21

234 616 379 687 tonilum
400 615 469 672 esse
481 631 588 690 posse;
609 632 702 689 neque
722 633 837 673 sensum
851 617 978 688 omnino,
993 633 1051 691 quo

183 701 186 709 ’
237 731 292 785 pon
312 713 381 790 ipsa
401 721 511 769 natura
531 710 616 786 pulsa
635 711 760 771 sentiret.
802 711 916 777 Deinde
936 713 959 770 si
973 732 1051 771 nren·

170 810 173 817 '
239 819 292 867 tem
314 811 406 866 istam
427 807 514 883 quasi
538 806 642 865 animal
664 808 779 883 aliquod
799 808 889 866 voluit
909 827 981 881 esse,
996 810 1050 867 erit

212 910 216 922 ’
243 905 346 981 aliquid
368 905 505 976 interius,
521 921 558 960 ex
578 922 635 978 quo
654 903 725 962 illud
747 905 850 962 animal
865 906 1048 977 nominetur:

170 980 174 991 Ι
242 1002 307 1078 quid
343 1012 443 1059 autem
477 994 608 1057 interius
641 1003 758 1060 mentel
797 1003 929 1080 cingatur
964 1003 1078 1078 igitur5

244 1116 362 1175 corpore
389 1107 521 1156 externo.
575 1094 665 1158 Quod
691 1099 827 1173 quoniam
853 1118 911 1156 non
945 1099 1048 1174 placet,

245 1206 338 1270 aperta
357 1194 541 1270 simplexque
561 1211 651 1265 mens,
672 1195 751 1251 nulla
770 1212 801 1253 re
828 1196 971 1273 adjuncta,
992 1184 1049 1271 qud

245 1293 347 1351 sentire
367 1290 469 1367 possit,
486 1288 587 1366 lugere
608 1289 802 1368 intelligentiae
823 1305 927 1350 nostrae
948 1294 1004 1349 rim
1019 1303 1048 1350 et

245 1388 389 1445 notionem
417 1387 541 1444 videtur.
582 1385 764 1445 Crotoniates
792 1399 886 1447 autem
907 1389 1047 1461 Alcmaeo,
1069 1464 1073 1473 .

247 1486 293 1560 qui
313 1486 378 1556 soli,
394 1497 424 1544 et
437 1486 528 1556 lunae,
543 1482 716 1560 reliquisque
730 1487 879 1558 sideribus,
896 1489 1047 1562 animoque
1061 1497 1092 1546 10

244 1592 380 1657 praeterea
399 1581 583 1639 divinitatem
603 1581 691 1654 dedit,
706 1601 764 1640 non
778 1585 876 1655 sensit,
891 1603 954 1641 sese
974 1603 1048 1640 mor·

178 1697 181 1701 ’
244 1679 348 1736 talibus
361 1681 448 1737 rebus
463 1678 709 1737 immortalitatem
730 1680 806 1737 dare.
848 1679 925 1737 Nam
945 1680 1048 1754 Pytha·-

246 1794 336 1853 goras,
364 1776 415 1852 qui
442 1774 561 1833 censuit
587 1776 712 1833 animum
742 1795 818 1857 esse,
831 1794 882 1851 per
915 1786 1047 1833 naturam

245 1891 336 1931 rerum
357 1891 489 1948 omnem,
499 1870 641 1928 intentum
655 1883 684 1930 et
699 1881 918 1944 commeantem,
934 1892 970 1929 ex
989 1892 1047 1949 quo

245 1969 331 2026 nostri
358 1969 450 2028 animi
472 1981 669 2043 carperentur,
691 1989 748 2027 non
769 1969 840 2027 vidit
860 1969 1045 2029 distractione
1060 1981 1090 2028 15

245 2065 434 2124 humanorum
450 2063 681 2122 animorumdisc
665 2068 743 2142 erpi
757 2077 786 2124 et
799 2067 919 2124 lacerari
934 2068 1044 2125 Deum:

245 2174 272 2220 et
284 2183 351 2221 cum
366 2142 467 2220 misleri
483 2137 571 2219 animi
585 2174 679 2219 essent
682 2163 795 2240 ,(quod
815 2164 958 2239 plerisque
978 2184 1046 2222 con-

244 2260 378 2340 tingeret)
400 2269 466 2316 tum
487 2256 543 2315 Dei
566 2269 675 2333 partem
703 2278 765 2317 esse
792 2261 941 2318 miseram:
970 2262 1045 2336 quod

244 2356 303 2416 lieri
322 2376 381 2415 non
396 2364 503 2432 potest.
545 2354 607 2412 Cur
622 2365 715 2413 autem
729 2356 883 2432 quidquam
899 2359 1043 2436 ignoraret

170 2480 172 2491 ·
245 2454 355 2512 animus
376 2450 514 2521 hominis,
535 2452 560 2508 si
580 2461 654 2509 esset
675 2452 777 2509 Deusl
798 2456 941 2527 quomodo
961 2472 1045 2528 porro
1057 2465 1089 2514 20

244 2548 322 2607 Deus
342 2550 408 2619 iste,
424 2547 450 2604 si
471 2546 543 2603 nihil
564 2560 639 2604 esset
659 2548 714 2604 nisi
736 2549 857 2617 animus,
874 2562 921 2607 aut
942 2550 1045 2607 infixus

245 2658 291 2705 aut
305 2648 419 2705 inlusus
433 2653 510 2701 esset
523 2646 553 2700 in
568 2645 696 2701 mundo?
739 2645 817 2702 Turn
838 2647 1044 2721 Xenophanes,

244 2744 301 2819 qui,
322 2755 422 2802 mente
445 2732 684 2821 adjuncta,0mne
705 2754 841 2817 praeterea
867 2743 941 2846 quod
970 2755 1045 2801 esset

245 2839 400 2906 inlinitum,
421 2838 517 2895 Deum
545 2839 635 2896 voluit
658 2850 734 2910 esse:
751 2839 815 2896 de'
809 2859 869 2915 ipsa
889 2850 985 2897 mente
1005 2842 1044 2897 ita

243 2936 473 3013 reprehenditur,
488 2945 519 2992 ut
539 2936 644 2994 ceteri:
666 2937 702 2994 de
723 2933 863 2995 infinitate
885 2946 979 2994 autem
999 2957 1045 2995 ve-
1057 2938 1089 2985 25

167 3054 170 3059 ·
244 3031 446 3103 hementius,
439 3050 469 3088 rn
496 3050 551 3106 qua
578 3033 650 3090 nihil
678 3051 771 3107 neque
793 3032 928 3102 sentiens,
950 3051 1044 3106 neque

243 3131 432 3209 conjunctum
452 3138 545 3204 potest
565 3147 636 3186 esse.
677 3128 753 3185 Nam
769 3127 954 3185 Parmenides
968 3146 1046 3184 com·

245 3226 412 3285 mesticium
433 3223 570 3302 quiddam
594 3245 712 3288 coronre
733 3225 832 3289 simile
857 3223 969 3284 elicita
987 3224 1057 3280 ste·
