<?xml version="1.0" encoding="UTF-8"?>
<!DOCTYPE html PUBLIC "-//W3C//DTD XHTML 1.0 Transitional//EN"
    "http://www.w3.org/TR/xhtml1/DTD/xhtml1-transitional.dtd">
<html xmlns="http://www.w3.org/1999/xhtml" xml:lang="en" lang="en">
 <head>
  <title>
</title>
<meta http-equiv="Content-Type" content="text/html;charset=utf-8" />
  <meta name='ocr-system' content='tesseract 3.04.00' />
  <meta name='ocr-capabilities' content='ocr_page ocr_carea ocr_par ocr_line ocrx_word'/>
</head>
<body>
  <div class='ocr_page' id='page_1' title='image "./mtciceronisdena00cicegoog_0085.png"; bbox 0 0 2409 3859; ppageno 0'>
   <div class='ocr_carea' id='block_1_1' title="bbox 384 443 1029 535">
    <p class='ocr_par' dir='ltr' id='par_1_1' title="bbox 384 443 1029 535">
     <span class='ocr_line' id='line_1_1' title="bbox 384 443 1029 535; baseline -0.002 -37"><span class='ocrx_word' id='word_1_1' title='bbox 384 456 421 498; x_wconf 90' lang='lat'><strong>.&#39;</strong></span> <span class='ocrx_word' id='word_1_2' title='bbox 485 451 675 499; x_wconf 65' lang='lat' dir='ltr'><strong>mantnt.</strong></span> <span class='ocrx_word' id='word_1_3' title='bbox 745 515 754 535; x_wconf 31' lang='lat' dir='ltr'>x</span> <span class='ocrx_word' id='word_1_4' title='bbox 988 443 1029 505; x_wconf 76' lang='grc'><strong>79</strong></span> 
     </span>
    </p>
   </div>
   <div class='ocr_carea' id='block_1_2' title="bbox 178 599 1028 3301">
    <p class='ocr_par' dir='ltr' id='par_1_2' title="bbox 178 599 1028 3301">
     <span class='ocr_line' id='line_1_2' title="bbox 183 599 984 679; baseline 0.002 -21"><span class='ocrx_word' id='word_1_5' title='bbox 183 600 323 659; x_wconf 75' lang='lat' dir='ltr'><strong>rationem</strong></span> <span class='ocrx_word' id='word_1_6' title='bbox 342 599 414 659; x_wconf 91' lang='lat' dir='ltr'><strong>dico</strong></span> <span class='ocrx_word' id='word_1_7' title='bbox 432 611 471 674; x_wconf 86' lang='lat' dir='ltr'><strong>et,</strong></span> <span class='ocrx_word' id='word_1_8' title='bbox 485 601 509 661; x_wconf 90' lang='lat' dir='ltr'><strong>si</strong></span> <span class='ocrx_word' id='word_1_9' title='bbox 522 602 619 679; x_wconf 86' lang='lat' dir='ltr'><strong>placet</strong></span> <span class='ocrx_word' id='word_1_10' title='bbox 638 601 769 678; x_wconf 90' lang='lat' dir='ltr'><strong>pluribus</strong></span> <span class='ocrx_word' id='word_1_11' title='bbox 782 603 888 675; x_wconf 85' lang='lat' dir='ltr'><strong>verbis,</strong></span> <span class='ocrx_word' id='word_1_12' title='bbox 904 620 984 661; x_wconf 89' lang='lat' dir='ltr'><strong>meu·</strong></span> 
     </span>
     <span class='ocr_line' id='line_1_3' title="bbox 182 699 982 778; baseline -0.001 -20"><span class='ocrx_word' id='word_1_13' title='bbox 182 710 246 771; x_wconf 88' lang='lat' dir='ltr'><strong>tem,</strong></span> <span class='ocrx_word' id='word_1_14' title='bbox 275 700 443 771; x_wconf 89' lang='lat' dir='ltr'><strong>consilium,</strong></span> <span class='ocrx_word' id='word_1_15' title='bbox 471 700 687 778; x_wconf 79' lang='lat' dir='ltr'><strong>cogitationem,</strong></span> <span class='ocrx_word' id='word_1_16' title='bbox 714 700 907 776; x_wconf 81' lang='lat' dir='ltr'>prudentiam,</span> <span class='ocrx_word' id='word_1_17' title='bbox 931 699 982 757; x_wconf 93' lang='lat' dir='ltr'><strong>ubi</strong></span> 
     </span>
     <span class='ocr_line' id='line_1_4' title="bbox 182 795 983 855; baseline 0 -1"><span class='ocrx_word' id='word_1_18' title='bbox 182 795 364 854; x_wconf 83' lang='lat' dir='ltr'><strong>invenimusl</strong></span> <span class='ocrx_word' id='word_1_19' title='bbox 387 796 463 854; x_wconf 90' lang='lat' dir='ltr'><strong>unde</strong></span> <span class='ocrx_word' id='word_1_20' title='bbox 483 797 668 855; x_wconf 69' lang='lat' dir='ltr'><strong>sustulimus?</strong></span> <span class='ocrx_word' id='word_1_21' title='bbox 690 816 726 854; x_wconf 89' lang='lat' dir='ltr'><strong>an</strong></span> <span class='ocrx_word' id='word_1_22' title='bbox 748 807 844 854; x_wconf 92' lang='lat' dir='ltr'><strong>cetera</strong></span> <span class='ocrx_word' id='word_1_23' title='bbox 858 797 983 854; x_wconf 90' lang='lat' dir='ltr'><strong>mundus</strong></span> 
     </span>
     <span class='ocr_line' id='line_1_5' title="bbox 183 893 982 969; baseline 0 -18"><span class='ocrx_word' id='word_1_24' title='bbox 183 893 296 951; x_wconf 88' lang='lat' dir='ltr'><strong>babebit</strong></span> <span class='ocrx_word' id='word_1_25' title='bbox 309 893 419 965; x_wconf 85' lang='lat' dir='ltr'><strong>omnia,</strong></span> <span class='ocrx_word' id='word_1_26' title='bbox 433 893 490 951; x_wconf 92' lang='lat' dir='ltr'><strong>hoc</strong></span> <span class='ocrx_word' id='word_1_27' title='bbox 511 912 611 966; x_wconf 90' lang='lat' dir='ltr'><strong>unum,</strong></span> <span class='ocrx_word' id='word_1_28' title='bbox 625 894 702 969; x_wconf 92' lang='lat' dir='ltr'><strong>quod</strong></span> <span class='ocrx_word' id='word_1_29' title='bbox 721 893 837 969; x_wconf 87' lang='lat' dir='ltr'><strong>plurimi</strong></span> <span class='ocrx_word' id='word_1_30' title='bbox 857 904 910 965; x_wconf 90' lang='lat' dir='ltr'><strong>est,</strong></span> <span class='ocrx_word' id='word_1_31' title='bbox 924 913 982 951; x_wconf 91' lang='lat' dir='ltr'><strong>non</strong></span> 
     </span>
     <span class='ocr_line' id='line_1_6' title="bbox 183 990 1012 1066; baseline -0.001 -18"><span class='ocrx_word' id='word_1_32' title='bbox 183 990 313 1050; x_wconf 78' lang='lat' dir='ltr'><strong>habebitl</strong></span> <span class='ocrx_word' id='word_1_33' title='bbox 356 990 446 1066; x_wconf 89' lang='lat' dir='ltr'><strong>Atqui</strong></span> <span class='ocrx_word' id='word_1_34' title='bbox 461 1000 539 1049; x_wconf 92' lang='lat' dir='ltr'><strong>certe</strong></span> <span class='ocrx_word' id='word_1_35' title='bbox 549 990 621 1049; x_wconf 90' lang='lat' dir='ltr'><strong>nihil</strong></span> <span class='ocrx_word' id='word_1_36' title='bbox 632 991 761 1048; x_wconf 89' lang='lat' dir='ltr'><strong>omniurn</strong></span> <span class='ocrx_word' id='word_1_37' title='bbox 772 1009 867 1047; x_wconf 91' lang='lat' dir='ltr'><strong>rerum</strong></span> <span class='ocrx_word' id='word_1_38' title='bbox 881 991 1012 1048; x_wconf 72' lang='lat' dir='ltr'><strong>meliust</strong></span> 
     </span>
     <span class='ocr_line' id='line_1_7' title="bbox 182 1087 981 1164; baseline -0.003 -17"><span class='ocrx_word' id='word_1_39' title='bbox 182 1099 222 1147; x_wconf 87' lang='lat' dir='ltr'><strong>est</strong></span> <span class='ocrx_word' id='word_1_40' title='bbox 249 1089 370 1161; x_wconf 90' lang='lat' dir='ltr'><strong>mundo,</strong></span> <span class='ocrx_word' id='word_1_41' title='bbox 391 1088 463 1146; x_wconf 92' lang='lat' dir='ltr'><strong>nihil</strong></span> <span class='ocrx_word' id='word_1_42' title='bbox 489 1087 689 1164; x_wconf 74' lang='lat' dir='ltr'><strong>prestabilius,</strong></span> <span class='ocrx_word' id='word_1_43' title='bbox 716 1087 787 1145; x_wconf 89' lang='lat' dir='ltr'><strong>nihil</strong></span> <span class='ocrx_word' id='word_1_44' title='bbox 815 1087 981 1164; x_wconf 78' lang='lat' dir='ltr'><strong>pulchrius:</strong></span> 
     </span>
     <span class='ocr_line' id='line_1_8' title="bbox 182 1184 984 1262; baseline -0.005 -18"><span class='ocrx_word' id='word_1_45' title='bbox 182 1204 234 1244; x_wconf 85' lang='lat' dir='ltr'><strong>nec</strong></span> <span class='ocrx_word' id='word_1_46' title='bbox 246 1187 341 1244; x_wconf 89' lang='lat' dir='ltr'><strong>solum</strong></span> <span class='ocrx_word' id='word_1_47' title='bbox 355 1185 430 1243; x_wconf 91' lang='lat' dir='ltr'><strong>nibil</strong></span> <span class='ocrx_word' id='word_1_48' title='bbox 444 1195 497 1257; x_wconf 88' lang='lat' dir='ltr'><strong>est,</strong></span> <span class='ocrx_word' id='word_1_49' title='bbox 511 1185 562 1243; x_wconf 91' lang='lat' dir='ltr'><strong>sed</strong></span> <span class='ocrx_word' id='word_1_50' title='bbox 576 1203 614 1242; x_wconf 91' lang='lat' dir='ltr'><strong>ne</strong></span> <span class='ocrx_word' id='word_1_51' title='bbox 627 1184 747 1262; x_wconf 87' lang='lat' dir='ltr'><strong>cogitari</strong></span> <span class='ocrx_word' id='word_1_52' title='bbox 768 1185 883 1260; x_wconf 91' lang='lat' dir='ltr'><strong>quidem</strong></span> <span class='ocrx_word' id='word_1_53' title='bbox 904 1185 984 1260; x_wconf 92' lang='lat' dir='ltr'><strong>quid·</strong></span> 
     </span>
     <span class='ocr_line' id='line_1_9' title="bbox 182 1282 984 1359; baseline -0.002 -18"><span class='ocrx_word' id='word_1_54' title='bbox 182 1300 263 1358; x_wconf 83' lang='lat' dir='ltr'><strong>quaro</strong></span> <span class='ocrx_word' id='word_1_55' title='bbox 285 1283 391 1341; x_wconf 88' lang='lat' dir='ltr'><strong>melius</strong></span> <span class='ocrx_word' id='word_1_56' title='bbox 410 1293 511 1359; x_wconf 92' lang='lat' dir='ltr'><strong>potest.</strong></span> <span class='ocrx_word' id='word_1_57' title='bbox 553 1282 600 1354; x_wconf 85' lang='lat' dir='ltr'><strong>Et,</strong></span> <span class='ocrx_word' id='word_1_58' title='bbox 622 1282 647 1339; x_wconf 89' lang='lat' dir='ltr'><strong>si</strong></span> <span class='ocrx_word' id='word_1_59' title='bbox 667 1282 777 1340; x_wconf 90' lang='lat' dir='ltr'><strong>ratione</strong></span> <span class='ocrx_word' id='word_1_60' title='bbox 797 1293 826 1340; x_wconf 88' lang='lat' dir='ltr'><strong>et</strong></span> <span class='ocrx_word' id='word_1_61' title='bbox 845 1282 984 1358; x_wconf 89' lang='lat' dir='ltr'><strong>sapientia</strong></span> 
     </span>
     <span class='ocr_line' id='line_1_10' title="bbox 181 1380 983 1453; baseline -0.002 -15"><span class='ocrx_word' id='word_1_62' title='bbox 181 1381 248 1439; x_wconf 84' lang='lat' dir='ltr'><strong>nihil</strong></span> <span class='ocrx_word' id='word_1_63' title='bbox 276 1391 322 1440; x_wconf 88' lang='lat' dir='ltr'><strong>est</strong></span> <span class='ocrx_word' id='word_1_64' title='bbox 350 1380 462 1453; x_wconf 87' lang='lat' dir='ltr'><strong>melius,</strong></span> <span class='ocrx_word' id='word_1_65' title='bbox 483 1398 601 1438; x_wconf 87' lang='lat' dir='ltr'><strong>necesse</strong></span> <span class='ocrx_word' id='word_1_66' title='bbox 627 1391 671 1438; x_wconf 88' lang='lat' dir='ltr'><strong>est</strong></span> <span class='ocrx_word' id='word_1_67' title='bbox 690 1380 753 1437; x_wconf 86' lang='lat' dir='ltr'><strong>haec</strong></span> <span class='ocrx_word' id='word_1_68' title='bbox 773 1380 867 1438; x_wconf 90' lang='lat' dir='ltr'><strong>inesse</strong></span> <span class='ocrx_word' id='word_1_69' title='bbox 887 1380 917 1437; x_wconf 91' lang='lat' dir='ltr'><strong>in</strong></span> <span class='ocrx_word' id='word_1_70' title='bbox 937 1398 983 1449; x_wconf 89' lang='lat' dir='ltr'><strong>eo,</strong></span> 
     </span>
     <span class='ocr_line' id='line_1_11' title="bbox 181 1475 1028 1554; baseline -0.005 -19"><span class='ocrx_word' id='word_1_71' title='bbox 181 1478 253 1552; x_wconf 92' lang='lat' dir='ltr'><strong>quod</strong></span> <span class='ocrx_word' id='word_1_72' title='bbox 280 1477 424 1554; x_wconf 91' lang='lat' dir='ltr'><strong>optimum</strong></span> <span class='ocrx_word' id='word_1_73' title='bbox 457 1495 520 1536; x_wconf 91' lang='lat' dir='ltr'><strong>esse</strong></span> <span class='ocrx_word' id='word_1_74' title='bbox 546 1477 742 1535; x_wconf 75' lang='lat' dir='ltr'><strong>concedimus.</strong></span> <span class='ocrx_word' id='word_1_75' title='bbox 782 1476 866 1538; x_wconf 80' lang='lat' dir='ltr'><strong>Quid</strong></span> <span class='ocrx_word' id='word_1_76' title='bbox 892 1476 982 1533; x_wconf 82' lang='lat' dir='ltr'><strong>verol</strong></span> <span class='ocrx_word' id='word_1_77' title='bbox 997 1475 1028 1525; x_wconf 88' lang='lat'><strong>1⁰</strong></span> 
     </span>
     <span class='ocr_line' id='line_1_12' title="bbox 180 1573 985 1650; baseline -0.004 -17"><span class='ocrx_word' id='word_1_78' title='bbox 180 1573 276 1633; x_wconf 81' lang='lat' dir='ltr'><strong>Tanta</strong></span> <span class='ocrx_word' id='word_1_79' title='bbox 296 1592 396 1633; x_wconf 88' lang='lat' dir='ltr'><strong>rerum</strong></span> <span class='ocrx_word' id='word_1_80' title='bbox 417 1574 610 1646; x_wconf 88' lang='lat' dir='ltr'><strong>consentiens,</strong></span> <span class='ocrx_word' id='word_1_81' title='bbox 625 1574 801 1650; x_wconf 82' lang='lat' dir='ltr'><strong>conspirans,</strong></span> <span class='ocrx_word' id='word_1_82' title='bbox 817 1573 985 1630; x_wconf 89' lang='lat' dir='ltr'><strong>continuata</strong></span> 
     </span>
     <span class='ocr_line' id='line_1_13' title="bbox 181 1670 981 1749; baseline -0.005 -19"><span class='ocrx_word' id='word_1_83' title='bbox 181 1672 326 1749; x_wconf 83' lang='lat' dir='ltr'><strong>cognatio,</strong></span> <span class='ocrx_word' id='word_1_84' title='bbox 341 1690 428 1747; x_wconf 92' lang='lat' dir='ltr'><strong>quem</strong></span> <span class='ocrx_word' id='word_1_85' title='bbox 442 1691 500 1730; x_wconf 90' lang='lat' dir='ltr'><strong>non</strong></span> <span class='ocrx_word' id='word_1_86' title='bbox 514 1681 599 1748; x_wconf 84' lang='lat' dir='ltr'><strong>coget</strong></span> <span class='ocrx_word' id='word_1_87' title='bbox 610 1690 654 1742; x_wconf 88' lang='lat' dir='ltr'><strong>ea,</strong></span> <span class='ocrx_word' id='word_1_88' title='bbox 665 1690 728 1746; x_wconf 80' lang='lat' dir='ltr'><strong>quae</strong></span> <span class='ocrx_word' id='word_1_89' title='bbox 743 1670 880 1727; x_wconf 91' lang='lat' dir='ltr'><strong>dicuntur</strong></span> <span class='ocrx_word' id='word_1_90' title='bbox 895 1688 911 1726; x_wconf 91' lang='lat' dir='ltr'><strong>a</strong></span> <span class='ocrx_word' id='word_1_91' title='bbox 925 1687 981 1741; x_wconf 84' lang='lat' dir='ltr'><strong>me,</strong></span> 
     </span>
     <span class='ocr_line' id='line_1_14' title="bbox 180 1765 981 1847; baseline -0.005 -20"><span class='ocrx_word' id='word_1_92' title='bbox 180 1770 390 1847; x_wconf 77' lang='lat' dir='ltr'><strong>comprobaret</strong></span> <span class='ocrx_word' id='word_1_93' title='bbox 410 1779 543 1845; x_wconf 85' lang='lat' dir='ltr'><strong>possetne</strong></span> <span class='ocrx_word' id='word_1_94' title='bbox 557 1788 617 1826; x_wconf 91' lang='lat' dir='ltr'><strong>uno</strong></span> <span class='ocrx_word' id='word_1_95' title='bbox 636 1778 765 1843; x_wconf 89' lang='lat' dir='ltr'><strong>tempore</strong></span> <span class='ocrx_word' id='word_1_96' title='bbox 786 1765 898 1836; x_wconf 90' lang='lat' dir='ltr'><strong>florere,</strong></span> <span class='ocrx_word' id='word_1_97' title='bbox 913 1765 981 1823; x_wconf 90' lang='lat' dir='ltr'><strong>dein</strong></span> 
     </span>
     <span class='ocr_line' id='line_1_15' title="bbox 180 1863 984 1940; baseline -0.005 -15"><span class='ocrx_word' id='word_1_98' title='bbox 180 1867 306 1926; x_wconf 74' lang='lat' dir='ltr'><strong>vicissim</strong></span> <span class='ocrx_word' id='word_1_99' title='bbox 325 1866 451 1925; x_wconf 88' lang='lat' dir='ltr'><strong>horrere</strong></span> <span class='ocrx_word' id='word_1_100' title='bbox 476 1867 572 1924; x_wconf 79' lang='lat' dir='ltr'><strong>terrai</strong></span> <span class='ocrx_word' id='word_1_101' title='bbox 600 1876 659 1936; x_wconf 88' lang='lat' dir='ltr'><strong>aut,</strong></span> <span class='ocrx_word' id='word_1_102' title='bbox 680 1873 723 1923; x_wconf 89' lang='lat' dir='ltr'><strong>tot</strong></span> <span class='ocrx_word' id='word_1_103' title='bbox 750 1864 836 1921; x_wconf 87' lang='lat' dir='ltr'><strong>rebus</strong></span> <span class='ocrx_word' id='word_1_104' title='bbox 863 1863 933 1940; x_wconf 89' lang='lat' dir='ltr'><strong>ipsis</strong></span> <span class='ocrx_word' id='word_1_105' title='bbox 953 1882 984 1921; x_wconf 91' lang='lat' dir='ltr'><strong>se</strong></span> 
     </span>
     <span class='ocr_line' id='line_1_16' title="bbox 180 1962 1028 2036; baseline -0.001 -13"><span class='ocrx_word' id='word_1_106' title='bbox 180 1963 409 2036; x_wconf 85' lang='lat' dir='ltr'><strong>immutantibus,</strong></span> <span class='ocrx_word' id='word_1_107' title='bbox 418 1963 487 2021; x_wconf 90' lang='lat' dir='ltr'><strong>solis</strong></span> <span class='ocrx_word' id='word_1_108' title='bbox 499 1982 633 2022; x_wconf 86' lang='lat' dir='ltr'><strong>accessus</strong></span> <span class='ocrx_word' id='word_1_109' title='bbox 643 1963 846 2035; x_wconf 84' lang='lat' dir='ltr'><strong>discessusque</strong></span> <span class='ocrx_word' id='word_1_110' title='bbox 855 1962 984 2021; x_wconf 89' lang='lat' dir='ltr'><strong>solstitiis</strong></span> <span class='ocrx_word' id='word_1_111' title='bbox 997 1972 1028 2022; x_wconf 90' lang='lat'><strong>15</strong></span> 
     </span>
     <span class='ocr_line' id='line_1_17' title="bbox 180 2058 985 2138; baseline -0.001 -19"><span class='ocrx_word' id='word_1_112' title='bbox 180 2061 347 2137; x_wconf 88' lang='lat' dir='ltr'><strong>brumisque</strong></span> <span class='ocrx_word' id='word_1_113' title='bbox 367 2061 527 2138; x_wconf 78' lang='lat' dir='ltr'><strong>cognoscit</strong></span> <span class='ocrx_word' id='word_1_114' title='bbox 556 2071 606 2118; x_wconf 91' lang='lat' dir='ltr'><strong>aut</strong></span> <span class='ocrx_word' id='word_1_115' title='bbox 632 2071 718 2119; x_wconf 78' lang='lat' dir='ltr'><strong>restas</strong></span> <span class='ocrx_word' id='word_1_116' title='bbox 744 2058 880 2117; x_wconf 89' lang='lat' dir='ltr'><strong>maritimi</strong></span> <span class='ocrx_word' id='word_1_117' title='bbox 901 2060 985 2118; x_wconf 81' lang='lat' dir='ltr'><strong>freto-</strong></span> 
     </span>
     <span class='ocr_line' id='line_1_18' title="bbox 179 2157 983 2234; baseline -0.002 -18"><span class='ocrx_word' id='word_1_118' title='bbox 179 2176 301 2234; x_wconf 89' lang='lat' dir='ltr'><strong>rumque</strong></span> <span class='ocrx_word' id='word_1_119' title='bbox 316 2157 454 2234; x_wconf 75' lang='lat' dir='ltr'><strong>angustiae</strong></span> <span class='ocrx_word' id='word_1_120' title='bbox 468 2168 534 2215; x_wconf 92' lang='lat' dir='ltr'><strong>ortu</strong></span> <span class='ocrx_word' id='word_1_121' title='bbox 549 2167 597 2215; x_wconf 90' lang='lat' dir='ltr'><strong>aut</strong></span> <span class='ocrx_word' id='word_1_122' title='bbox 608 2157 688 2215; x_wconf 93' lang='lat' dir='ltr'><strong>obitu</strong></span> <span class='ocrx_word' id='word_1_123' title='bbox 700 2157 775 2214; x_wconf 85' lang='lat' dir='ltr'><strong>lunae</strong></span> <span class='ocrx_word' id='word_1_124' title='bbox 786 2159 983 2215; x_wconf 77' lang='lat' dir='ltr'><strong>commoverit</strong></span> 
     </span>
     <span class='ocr_line' id='line_1_19' title="bbox 180 2253 982 2315; baseline -0.009 0"><span class='ocrx_word' id='word_1_125' title='bbox 180 2269 228 2315; x_wconf 81' lang='lat' dir='ltr'><strong>aut</strong></span> <span class='ocrx_word' id='word_1_126' title='bbox 242 2275 302 2313; x_wconf 88' lang='lat' dir='ltr'><strong>una</strong></span> <span class='ocrx_word' id='word_1_127' title='bbox 315 2254 407 2312; x_wconf 91' lang='lat' dir='ltr'><strong>totius</strong></span> <span class='ocrx_word' id='word_1_128' title='bbox 427 2254 490 2312; x_wconf 81' lang='lat' dir='ltr'><strong>creli</strong></span> <span class='ocrx_word' id='word_1_129' title='bbox 512 2253 701 2312; x_wconf 89' lang='lat' dir='ltr'><strong>conversione</strong></span> <span class='ocrx_word' id='word_1_130' title='bbox 721 2271 823 2310; x_wconf 88' lang='lat' dir='ltr'><strong>cursus</strong></span> <span class='ocrx_word' id='word_1_131' title='bbox 844 2264 982 2312; x_wconf 86' lang='lat' dir='ltr'><strong>astrorum</strong></span> 
     </span>
     <span class='ocr_line' id='line_1_20' title="bbox 178 2349 983 2430; baseline -0.005 -20"><span class='ocrx_word' id='word_1_132' title='bbox 178 2353 308 2430; x_wconf 89' lang='lat' dir='ltr'><strong>dispares</strong></span> <span class='ocrx_word' id='word_1_133' title='bbox 322 2351 509 2417; x_wconf 75' lang='lat' dir='ltr'><strong>conservarit</strong></span> <span class='ocrx_word' id='word_1_134' title='bbox 552 2349 626 2407; x_wconf 85' lang='lat' dir='ltr'><strong>Haec</strong></span> <span class='ocrx_word' id='word_1_135' title='bbox 640 2349 680 2407; x_wconf 91' lang='lat' dir='ltr'><strong>ita</strong></span> <span class='ocrx_word' id='word_1_136' title='bbox 692 2349 755 2407; x_wconf 87' lang='lat' dir='ltr'><strong>fieri</strong></span> <span class='ocrx_word' id='word_1_137' title='bbox 766 2351 899 2408; x_wconf 90' lang='lat' dir='ltr'><strong>omnibus</strong></span> <span class='ocrx_word' id='word_1_138' title='bbox 909 2349 983 2406; x_wconf 89' lang='lat' dir='ltr'><strong>inter</strong></span> 
     </span>
     <span class='ocr_line' id='line_1_21' title="bbox 178 2445 1027 2522; baseline -0.008 -14"><span class='ocrx_word' id='word_1_139' title='bbox 178 2468 211 2508; x_wconf 90' lang='lat' dir='ltr'><strong>se</strong></span> <span class='ocrx_word' id='word_1_140' title='bbox 236 2447 460 2507; x_wconf 88' lang='lat' dir='ltr'><strong>concinentibus</strong></span> <span class='ocrx_word' id='word_1_141' title='bbox 487 2446 587 2505; x_wconf 90' lang='lat' dir='ltr'><strong>mundi</strong></span> <span class='ocrx_word' id='word_1_142' title='bbox 615 2445 744 2521; x_wconf 87' lang='lat' dir='ltr'><strong>partibus</strong></span> <span class='ocrx_word' id='word_1_143' title='bbox 769 2447 899 2522; x_wconf 86' lang='lat' dir='ltr'><strong>profecto</strong></span> <span class='ocrx_word' id='word_1_144' title='bbox 926 2452 1027 2502; x_wconf 77' lang='lat' dir='ltr'><strong>non20</strong></span> 
     </span>
     <span class='ocr_line' id='line_1_22' title="bbox 179 2541 983 2624; baseline -0.009 -20"><span class='ocrx_word' id='word_1_145' title='bbox 179 2556 307 2624; x_wconf 89' lang='lat' dir='ltr'><strong>possent,</strong></span> <span class='ocrx_word' id='word_1_146' title='bbox 320 2544 378 2603; x_wconf 89' lang='lat' dir='ltr'><strong>nisi</strong></span> <span class='ocrx_word' id='word_1_147' title='bbox 393 2564 426 2602; x_wconf 87' lang='lat' dir='ltr'><strong>ea</strong></span> <span class='ocrx_word' id='word_1_148' title='bbox 447 2564 506 2602; x_wconf 90' lang='lat' dir='ltr'><strong>uno</strong></span> <span class='ocrx_word' id='word_1_149' title='bbox 526 2543 625 2600; x_wconf 87' lang='lat' dir='ltr'><strong>divino</strong></span> <span class='ocrx_word' id='word_1_150' title='bbox 645 2552 674 2600; x_wconf 91' lang='lat' dir='ltr'><strong>et</strong></span> <span class='ocrx_word' id='word_1_151' title='bbox 694 2543 862 2602; x_wconf 88' lang='lat' dir='ltr'><strong>continuato</strong></span> <span class='ocrx_word' id='word_1_152' title='bbox 882 2541 983 2617; x_wconf 89' lang='lat' dir='ltr'><strong>spiritu</strong></span> 
     </span>
     <span class='ocr_line' id='line_1_23' title="bbox 180 2638 983 2715; baseline -0.007 -13"><span class='ocrx_word' id='word_1_153' title='bbox 180 2645 407 2702; x_wconf 83' lang='lat' dir='ltr'><strong>continerentur.</strong></span> <span class='ocrx_word' id='word_1_154' title='bbox 449 2641 547 2715; x_wconf 84' lang='lat' dir='ltr'><strong>Atque</strong></span> <span class='ocrx_word' id='word_1_155' title='bbox 574 2639 638 2697; x_wconf 86' lang='lat' dir='ltr'><strong>haec</strong></span> <span class='ocrx_word' id='word_1_156' title='bbox 665 2658 731 2704; x_wconf 83' lang='lat' dir='ltr'><strong>curn</strong></span> <span class='ocrx_word' id='word_1_157' title='bbox 752 2642 869 2699; x_wconf 88' lang='lat' dir='ltr'><strong>uberius</strong></span> <span class='ocrx_word' id='word_1_158' title='bbox 888 2638 983 2714; x_wconf 86' lang='lat' dir='ltr'><strong>dispu-</strong></span> 
     </span>
     <span class='ocr_line' id='line_1_24' title="bbox 181 2735 982 2810; baseline -0.009 -11"><span class='ocrx_word' id='word_1_159' title='bbox 181 2751 277 2799; x_wconf 84' lang='lat' dir='ltr'><strong>tantur</strong></span> <span class='ocrx_word' id='word_1_160' title='bbox 297 2749 328 2797; x_wconf 90' lang='lat' dir='ltr'><strong>et</strong></span> <span class='ocrx_word' id='word_1_161' title='bbox 348 2738 449 2810; x_wconf 87' lang='lat' dir='ltr'><strong>fusius,</strong></span> <span class='ocrx_word' id='word_1_162' title='bbox 471 2748 501 2795; x_wconf 91' lang='lat' dir='ltr'><strong>nt</strong></span> <span class='ocrx_word' id='word_1_163' title='bbox 529 2736 599 2794; x_wconf 86' lang='lat' dir='ltr'><strong>mihi</strong></span> <span class='ocrx_word' id='word_1_164' title='bbox 626 2748 670 2794; x_wconf 91' lang='lat' dir='ltr'><strong>est</strong></span> <span class='ocrx_word' id='word_1_165' title='bbox 696 2736 727 2794; x_wconf 91' lang='lat' dir='ltr'><strong>in</strong></span> <span class='ocrx_word' id='word_1_166' title='bbox 755 2739 859 2796; x_wconf 89' lang='lat' dir='ltr'><strong>animo·</strong></span> <span class='ocrx_word' id='word_1_167' title='bbox 878 2735 982 2808; x_wconf 85' lang='lat' dir='ltr'><strong>facere,</strong></span> 
     </span>
     <span class='ocr_line' id='line_1_25' title="bbox 182 2833 982 2912; baseline -0.005 -18"><span class='ocrx_word' id='word_1_168' title='bbox 182 2837 298 2897; x_wconf 83' lang='lat' dir='ltr'><strong>facilius</strong></span> <span class='ocrx_word' id='word_1_169' title='bbox 331 2835 472 2912; x_wconf 87' lang='lat' dir='ltr'><strong>effugiunt</strong></span> <span class='ocrx_word' id='word_1_170' title='bbox 505 2833 751 2906; x_wconf 74' lang='lat' dir='ltr'><strong>Academicorum</strong></span> <span class='ocrx_word' id='word_1_171' title='bbox 790 2833 982 2892; x_wconf 87' lang='lat' dir='ltr'><strong>calumniam:</strong></span> 
     </span>
     <span class='ocr_line' id='line_1_26' title="bbox 181 2929 1028 3007; baseline -0.005 -14"><span class='ocrx_word' id='word_1_172' title='bbox 181 2954 248 2993; x_wconf 91' lang='lat' dir='ltr'><strong>cum</strong></span> <span class='ocrx_word' id='word_1_173' title='bbox 264 2945 370 3002; x_wconf 88' lang='lat' dir='ltr'><strong>autem,</strong></span> <span class='ocrx_word' id='word_1_174' title='bbox 382 2941 413 2989; x_wconf 91' lang='lat' dir='ltr'><strong>ut</strong></span> <span class='ocrx_word' id='word_1_175' title='bbox 427 2931 513 2989; x_wconf 92' lang='lat' dir='ltr'><strong>Zeno</strong></span> <span class='ocrx_word' id='word_1_176' title='bbox 523 2930 642 3001; x_wconf 87' lang='lat' dir='ltr'><strong>solebat,</strong></span> <span class='ocrx_word' id='word_1_177' title='bbox 653 2930 767 2988; x_wconf 86' lang='lat' dir='ltr'><strong>brevius</strong></span> <span class='ocrx_word' id='word_1_178' title='bbox 778 2929 984 3007; x_wconf 83' lang='lat' dir='ltr'><strong>angustiusque</strong></span> <span class='ocrx_word' id='word_1_179' title='bbox 996 2940 1028 2989; x_wconf 73' lang='lat'><strong>25</strong></span> 
     </span>
     <span class='ocr_line' id='line_1_27' title="bbox 183 3027 985 3103; baseline -0.006 -12"><span class='ocrx_word' id='word_1_180' title='bbox 183 3031 405 3100; x_wconf 88' lang='lat' dir='ltr'><strong>concluduntur,</strong></span> <span class='ocrx_word' id='word_1_181' title='bbox 421 3040 482 3085; x_wconf 90' lang='lat' dir='ltr'><strong>tum</strong></span> <span class='ocrx_word' id='word_1_182' title='bbox 497 3027 637 3103; x_wconf 85' lang='lat' dir='ltr'><strong>apertiora</strong></span> <span class='ocrx_word' id='word_1_183' title='bbox 647 3035 714 3084; x_wconf 89' lang='lat' dir='ltr'><strong>sunt</strong></span> <span class='ocrx_word' id='word_1_184' title='bbox 728 3028 764 3085; x_wconf 93' lang='lat' dir='ltr'><strong>ad</strong></span> <span class='ocrx_word' id='word_1_185' title='bbox 776 3027 985 3103; x_wconf 89' lang='lat' dir='ltr'><strong>reprehenden-</strong></span> 
     </span>
     <span class='ocr_line' id='line_1_28' title="bbox 182 3123 984 3202; baseline -0.005 -13"><span class='ocrx_word' id='word_1_186' title='bbox 182 3131 260 3189; x_wconf 90' lang='lat' dir='ltr'><strong>dum.</strong></span> <span class='ocrx_word' id='word_1_187' title='bbox 302 3126 380 3185; x_wconf 87' lang='lat' dir='ltr'><strong>Nam</strong></span> <span class='ocrx_word' id='word_1_188' title='bbox 394 3135 425 3183; x_wconf 93' lang='lat' dir='ltr'><strong>ut</strong></span> <span class='ocrx_word' id='word_1_189' title='bbox 438 3123 583 3202; x_wconf 75' lang='lat' dir='ltr'><strong>profluens</strong></span> <span class='ocrx_word' id='word_1_190' title='bbox 598 3123 690 3181; x_wconf 87' lang='lat' dir='ltr'><strong>amnis</strong></span> <span class='ocrx_word' id='word_1_191' title='bbox 711 3135 760 3181; x_wconf 85' lang='lat' dir='ltr'><strong>aut</strong></span> <span class='ocrx_word' id='word_1_192' title='bbox 772 3123 820 3182; x_wconf 86' lang='lat' dir='ltr'><strong>vix</strong></span> <span class='ocrx_word' id='word_1_193' title='bbox 842 3134 891 3182; x_wconf 88' lang='lat' dir='ltr'><strong>aut</strong></span> <span class='ocrx_word' id='word_1_194' title='bbox 904 3126 984 3193; x_wconf 93' lang='lat' dir='ltr'><strong>nullo</strong></span> 
     </span>
     <span class='ocr_line' id='line_1_29' title="bbox 184 3217 995 3301; baseline -0.01 -14"><span class='ocrx_word' id='word_1_195' title='bbox 184 3227 278 3299; x_wconf 90' lang='lat' dir='ltr'><strong>modo,</strong></span> <span class='ocrx_word' id='word_1_196' title='bbox 294 3222 433 3283; x_wconf 85' lang='lat' dir='ltr'><strong>conclusa</strong></span> <span class='ocrx_word' id='word_1_197' title='bbox 456 3231 556 3283; x_wconf 88' lang='lat' dir='ltr'><strong>autem</strong></span> <span class='ocrx_word' id='word_1_198' title='bbox 577 3239 654 3301; x_wconf 80' lang='lat' dir='ltr'><strong>equa</strong></span> <span class='ocrx_word' id='word_1_199' title='bbox 673 3217 766 3283; x_wconf 71' lang='lat' dir='ltr'><strong>laede</strong></span> <span class='ocrx_word' id='word_1_200' title='bbox 777 3221 973 3300; x_wconf 65' lang='lat' dir='ltr'><strong>corrumpitur</strong></span> <span class='ocrx_word' id='word_1_201' title='bbox 979 3241 995 3279; x_wconf 80' lang='grc'><strong>·.</strong></span> 
     </span>
    </p>
   </div>
   <div class='ocr_carea' id='block_1_3' title="bbox 0 0 1210 3859">
    <p class='ocr_par' dir='ltr' id='par_1_3' title="bbox 0 0 1210 3859">
     <span class='ocr_line' id='line_1_30' title="bbox 0 0 1210 3859; baseline 0 0"><span class='ocrx_word' id='word_1_202' title='bbox 0 0 1210 3859; x_wconf 95' lang='lat' dir='ltr'><strong> </strong></span> 
     </span>
    </p>
   </div>
  </div>
 </body>
</html>
