2409 3859
414 466 418 471 -
450 419 454 426 '
498 393 690 487 urinaria
1000 427 1041 487 25

179 589 252 662 lum,
263 599 484 669 tumfmeutem
498 587 626 647 divinam
640 607 702 647 esse
714 598 814 666 putat:
835 589 997 647 errantibus

182 687 264 746 etiam
284 687 386 746 stellis
407 684 591 745 divinitatem
612 685 721 758 tribuit,
735 705 879 762 sensuque
899 686 996 745 Deum

183 784 281 863 privat,
311 795 344 843 et
372 783 437 861 ejus
471 782 595 840 formam
629 783 796 841 mutabilem
829 801 892 841 esse
918 785 994 843 vult:

187 883 347 963 eodemque
360 881 393 939 in
407 880 485 938 libro
498 898 597 937 rursus
611 891 716 939 terrum
736 891 766 938 et
786 879 888 938 celum
909 881 996 939 refert

148 992 152 999 ’
188 977 214 1035 iu
239 978 331 1054 Deos.
387 977 458 1035 Nee
485 995 555 1041 vero
581 976 775 1054 Theophrasti
802 977 1024 1041 inconstantius
1061 988 1095 1043 3:

190 1076 304 1136 ferenda
331 1087 394 1135 est·
422 1075 512 1134 modo
539 1075 615 1134 enim
636 1077 724 1134 menti
746 1077 875 1134 divinum
897 1077 997 1135 tribuit

189 1158 401 1251 pilulip'afilhss
425 1172 516 1231 modo
556 1172 646 1230 caelo:
680 1184 741 1231 tum
777 1184 871 1231 autern
905 1173 1023 1252 signis

192 1269 390 1345 sideribusque
417 1268 591 1328 eaelestibus
646 1269 713 1328 Nee
747 1270 907 1330 audiendus
934 1272 996 1348 ejus

194 1367 300 1426 auditor
328 1368 439 1439 Strato,
461 1366 488 1424 is
509 1365 558 1441 qui
578 1367 713 1443 physicus
741 1368 917 1444 appellatur:
945 1369 995 1444 qui

192 1481 302 1523 omnem
324 1464 384 1521 vim
404 1463 535 1521 divinam
550 1463 579 1521 in
592 1474 697 1522 natura
710 1464 795 1523 sitam
808 1484 872 1524 esse
886 1477 995 1538 censet,
1009 1475 1040 1523 10

193 1579 250 1635 quae
270 1580 376 1619 causas
396 1557 549 1638 gignendi,
564 1561 698 1638 angendi,
713 1561 862 1620 minuendi
876 1560 994 1632 habeam

193 1655 238 1713 sed
251 1665 352 1713 eareat
364 1655 446 1713 omni
462 1671 550 1713 sensu
564 1665 593 1712 et
608 1655 707 1732 figura.

227 1848 311 1907 XIV.
340 1848 430 1907 Zeno
453 1857 549 1904 autem
565 1847 640 1924 (ut'
630 1868 690 1925 jam
712 1846 746 1905 ad
761 1858 878 1924 vestros,
894 1847 995 1922 Balbe,
1077 1862 1095 1917 3

176 1946 314 2025 ¹reniam)
336 1945 502 2038 naturalem
528 1945 633 2022 legem,
654 1945 780 2002 divinam
801 1964 865 2004 esse
886 1959 994 2019 censet,

193 2060 308 2119 eamque
334 2043 394 2101 vim
422 2014 555 2121 obtinere
582 2053 662 2100 reeta
684 2042 880 2118 imperantem,
901 2045 1039 2121 probi-15

193 2139 361 2217 bentemqne
375 2138 541 2199 contraria:
563 2159 650 2214 quam
663 2140 758 2216 legem
772 2141 917 2217 quomodo
938 2142 996 2200 effi·

194 2237 246 2296 ciat
260 2239 450 2308 animantem,
461 2235 624 2313 intelligere
635 2255 693 2293 non
704 2256 863 2312 possumus.
900 2240 995 2297 Deum

195 2348 283 2395 autem
312 2338 491 2395 animantem
519 2347 598 2392 certe
626 2336 757 2393 volumus
784 2355 855 2395 esse.
898 2339 995 2411 Atque

194 2431 238 2491 hie
250 2434 326 2493 idem
342 2433 403 2492 alio
415 2432 482 2489 loeo
496 2432 602 2490 aetbera
622 2434 718 2491 Deum
737 2432 818 2505 dicit,
833 2434 856 2492 si
872 2432 996 2508 intelligi

193 2542 282 2605 potest
301 2530 377 2589 nihil
398 2528 526 2587 sentiens
546 2529 637 2600 Deus,
659 2531 709 2604 qui
735 2549 883 2606 nunquam
910 2529 1038 2591 nobis20

195 2629 316 2687 occurrit
343 2644 440 2701 neque
467 2625 498 2684 in
524 2627 671 2702 precibus,
700 2646 793 2702 neque
822 2628 851 2684 in
878 2626 993 2702 optatis,

194 2743 282 2800 neque
310 2726 342 2782 in
370 2713 476 2780 votis'
506 2723 583 2781 Aliis
611 2735 704 2781 autern
738 2725 819 2782 libris
852 2723 997 2780 rationem

195 2822 334 2895 quandam
345 2838 397 2896 per
410 2838 524 2878 omnem
538 2834 669 2879 naturam
683 2838 778 2879 rernm
792 2821 997 2897 pertinentem

195 2919 219 2974 vi
245 2898 345 2975 divini
365 2934 428 2974 esse
444 2904 580 2975 'aflectum
600 2928 689 2994 putat.
731 2918 812 2976 Idem
835 2917 917 2974 astris
938 2918 995 2975 hoo

195 3016 268 3075 idem
289 3015 400 3087 tribuit,
422 3028 482 3075 tum
504 3017 596 3088 annis,
618 3018 775 3088 mensibus,
797 3035 994 3090 annorumque
1007 3021 1037 3069 ἴ)

197 3112 407 3172 mutationibus.
462 3114 538 3172 Cum
566 3133 633 3172 vero
661 3113 782 3170 Hesiodi
810 3112 994 3189 theogonium
1067 3121 1069 3123 ’

196 3208 401 3286 interpretatur,
424 3211 499 3273 tollit
520 3211 643 3274 omnino
663 3221 829 3294 promptas
842 3208 1011 3283 'raihanaim

380 3308 402 3369 3
