2409 3859
173 331 211 391 16
437 344 480 390 os
499 344 634 391 usuum
652 344 798 392 osonum.

214 489 282 549 dine
302 501 332 550 et
357 492 439 568 quusi
464 493 611 571 gradibus,
632 512 692 553 uon
718 502 825 573 genere
851 494 1016 555 differrent:

214 587 278 646 haec
304 589 382 648 euim
408 601 452 650 est
478 609 537 649 non
561 591 712 649 verborum
732 611 828 669 parva,
849 591 900 650 sed
920 610 1016 650 rerum

213 702 370 764 permagno
395 687 544 747 dissensio.
593 688 704 747 Verum
731 689 787 747 hoo
815 689 902 748 nlius:
936 707 1017 747 nuuc

110 775 135 858 7
215 783 291 858 quod
319 784 473 861 coepimus„
494 783 519 842 si
545 783 666 844 videtur.
715 784 791 843 Mihi
817 804 896 857 vero,
924 785 1017 861 iuquit

188 879 312 952 scotta,
333 881 453 939 videtur.
495 881 554 939 Sed
581 892 614 939 ut
633 881 692 949 hic,
714 883 763 958 qui
785 882 947 949 intervenit,
970 900 1016 939 me

125 977 127 981 ’
216 976 342 1048 intuens,
361 995 400 1036 ue
427 976 549 1056 ignoret,
570 997 634 1053 quae
661 996 706 1037 res
727 988 837 1057 agutur,
858 979 895 1037 de
914 988 1017 1037 natura

219 1073 372 1150 agebamus
386 1073 532 1133 Deorum:
554 1094 618 1150 quae
631 1094 699 1133 cum
713 1075 784 1133 mihi
799 1074 941 1134 videretur
955 1093 1018 1150 per·

215 1170 348 1243 obscura,
363 1181 395 1229 ut
408 1190 519 1248 semper
534 1172 623 1231 videri
648 1169 730 1244 solet,
754 1172 872 1248 Epicuri
895 1191 930 1229 ex
950 1172 1018 1230 Vel·

215 1266 272 1325 lein
292 1267 460 1326 sciscitubur
479 1268 669 1327 sententiam:
697 1269 892 1345 quamohrem,
913 1270 1017 1346 inquit,

172 1373 203 1423 10
215 1363 320 1437 Vellei,
342 1365 397 1423 nisi
418 1352 569 1425 molestum
590 1377 644 1435 est,
665 1376 762 1443 repete
789 1386 852 1442 quae
879 1385 1016 1444 coeperas.

215 1460 358 1536 Repetam
371 1481 455 1521 vero:
476 1481 650 1539 quamquam
663 1483 721 1521 nou
737 1463 817 1536 mihi,
831 1463 882 1523 sed
896 1464 949 1523 tibi
969 1466 1018 1525 hic

215 1558 294 1617 venit
321 1558 449 1636 adjutor:
479 1560 563 1617 ambo
590 1560 680 1633 enim,
701 1561 795 1637 inquit
822 1562 960 1634 urridens
983 1564 1018 1621 ab

217 1655 319 1713 eodem
339 1655 462 1715 Philone
482 1656 555 1714 nihil
575 1657 651 1715 scire
665 1656 815 1715 didicistis.
857 1656 935 1716 Tum
951 1678 1016 1735 ego,

214 1754 297 1816 Quid
318 1754 514 1827 didicerimus,
536 1755 623 1815 Cotta
643 1756 761 1837 uiderit:
783 1768 814 1815 tu
836 1766 929 1814 autem
950 1758 1019 1816 nolo

171 1859 203 1909 15
216 1851 361 1909 existimes
383 1872 429 1911 me
444 1853 602 1929 adjutorem
617 1851 686 1910 huic
705 1852 828 1924 venisse,
843 1853 895 1910 sed
909 1854 1019 1912 audito-

149 1936 151 1940 ⁷
175 2019 176 2022 Ἴ
215 1966 291 2045 rem,
315 1958 344 2006 et
370 1949 487 2024 quidem
515 1968 639 2026 aequum,
668 1948 759 2007 libero
789 1947 912 2025 judicio,
939 1951 1018 2008 nullu

187 2067 189 2070 ⁴
215 2031 355 2122 ejusmodi
378 2045 544 2105 adstrictum
564 2045 745 2117 necessitate,
766 2055 799 2104 ut
820 2044 900 2119 mth,
921 2048 1017 2120 velim,

215 2142 316 2214 nolim,
337 2144 374 2201 sit
395 2153 473 2201 certa
493 2143 624 2219 quaedum
645 2142 752 2203 tuenda
772 2143 923 2201 sententia.

112 2338 140 2407 ἵ
254 2336 338 2396 VIII.
372 2335 452 2395 'I'um
472 2336 611 2410 Velleius,
632 2336 753 2395 fidenter
770 2322 852 2415 'sune
873 2347 905 2395 ut
925 2337 1017 2396 solent

171 2445 203 2495 2⁰
216 2433 273 2506 isti,
295 2433 366 2492 nihil
387 2443 447 2491 tum
467 2452 577 2506 verens,
599 2453 686 2509 quam
706 2452 743 2491 ne
764 2432 895 2491 dubitare
923 2434 1018 2509 aliqua

216 2531 253 2588 de
281 2550 312 2590 re
339 2531 501 2601 videretur;
535 2541 681 2606 tamquam
708 2530 795 2589 modo
821 2549 856 2589 ex
888 2531 1018 2590 Deorum

216 2628 352 2701 concilio,
380 2638 409 2686 et
442 2645 478 2687 ex
510 2626 633 2702 Epicuri
665 2627 871 2691 intermundiis
900 2628 1019 2686 descen·

201 2723 319 2783 disset:
342 2723 462 2796 Audite,
483 2723 585 2799 inquit,
600 2743 659 2783 non
678 2723 774 2783 futiles
791 2725 1018 2801 commentiolus·

216 2838 272 2894 que
306 2820 473 2892 sententias,
499 2840 559 2879 non
592 2821 725 2898 opificem
758 2821 1018 2896 aedificatoremque

171 2916 326 3003 ffimundi,
346 2917 475 2975 Plutonis
501 2917 538 2975 de
564 2916 679 2976 Timaeo
705 2917 819 2977 Deum:
847 2935 903 2974 nec
930 2936 1016 2975 unum

217 3012 362 3089 fatidicum
384 3013 548 3073 Stoicorum
567 3015 810 3089 uolnoaav,tquum
830 3012 934 3073 Latine
947 3014 1018 3073 licet

195 3107 420 3181 providentium
435 3101 555 3197 dicere)
576 3129 672 3189 neque
682 3127 751 3170 uem
764 3108 1020 3191 mundumiusum,

791 3342 806 3384 t
