2409 3859
186 635 208 714 8
450 654 647 704 naussum
665 657 810 704 osonum.
960 660 999 719 [n.
1010 660 1030 709 1.

231 799 290 858 nlla
303 801 482 863 dubitatione
495 804 666 864 defendere?
706 804 795 864 Velut
814 805 845 864 in
864 805 921 865 hao
941 827 1029 884 quaes·

231 897 319 971 tione,
334 899 463 978 plerique
485 899 577 979 (qnod
598 901 722 961 maxime
743 903 801 961 veri
821 901 915 961 simile
935 915 987 980 est,
1002 917 1031 963 et

231 1013 289 1070 quo
315 1016 415 1056 omnes
442 997 518 1056 duce
543 1008 647 1057 natura
672 999 826 1078 vehimur,)
854 999 934 1058 Deos
967 1021 1030 1060 esse

231 1091 382 1151 dixerunt:
409 1094 540 1152 dubitare
566 1113 598 1153 se
623 1095 813 1172 Protagoras:
847 1097 942 1154 nullos
966 1116 1030 1155 esse

201 1198 217 1248 5
231 1190 349 1248 omnino
362 1189 503 1268 Diagoras
516 1190 624 1250 Melius
634 1201 662 1250 et
672 1191 844 1250 Theodorus
853 1191 1030 1269 Cyrenaicus

230 1296 407 1362 putaverunt.
448 1287 511 1349 Qui
525 1306 592 1345 vero
612 1287 691 1346 Deos
710 1307 772 1346 esse
793 1288 936 1356 dixerunt,
951 1301 1030 1347 tanta

230 1383 340 1441 suntin
355 1383 490 1441 varietate
505 1403 539 1442 ao
552 1384 741 1456 dissensione,
756 1395 787 1442 ut
807 1403 907 1442 eorum
929 1387 1030 1445 moles·

230 1488 292 1536 tum
305 1478 342 1537 sit
356 1479 536 1538 dinumerare
550 1480 713 1539 sententias.
754 1479 832 1539 Nam
842 1490 871 1539 et
882 1481 917 1539 de
931 1482 1030 1558 figuris

231 1573 370 1646 Deorum,
391 1588 420 1634 et
446 1577 482 1635 de
509 1576 581 1635 locis
609 1588 694 1653 atque
714 1577 839 1648 sedibus,
860 1588 889 1635 et
917 1579 1030 1637 actione

186 1686 217 1737 10
230 1671 304 1742 vitae,
319 1672 409 1730 multa
422 1672 577 1744 dicuntur3
598 1672 692 1748 deque
711 1672 756 1731 his
776 1692 888 1731 summa
906 1674 1030 1751 philoso-

229 1768 350 1844 phorum
364 1768 541 1829 dissensione
561 1780 703 1828 certatur:
724 1769 801 1845 qnod
821 1788 888 1829 vero
909 1771 1030 1830 maxime
1057 1803 1060 1808 ·

229 1883 289 1923 rem
323 1884 496 1942 causamque
529 1867 668 1939 continet,
697 1877 793 1924 utrum
826 1867 897 1925 nihil
933 1885 1029 1945 agant,

229 1961 300 2020 nihil
315 1964 477 2044 njplimtm,
493 1982 528 2022 ac
542 1964 577 2022 ab
591 1963 670 2022 omni
685 1963 833 2022 curatione
847 1976 876 2021 et
896 1965 1031 2023 adminis-

228 2059 352 2118 tratione
378 2079 473 2119 rerum
499 2070 622 2119 vacent:
651 2079 686 2116 an
714 2070 815 2117 contra
836 2061 872 2116 ab
899 2051 1031 2127 hisdeta

186 2166 217 2216 15
228 2154 371 2233 principio
396 2156 494 2214 omnia
519 2155 594 2214 facta
621 2165 649 2214 et
675 2155 831 2215 constituta
857 2138 978 2231 sichel
994 2158 1029 2216 ad

229 2252 373 2333 infinitum
399 2263 512 2329 tempus
538 2263 674 2331 regantur
695 2263 780 2328 atque
800 2265 977 2327 moveantur,
999 2254 1029 2313 in

228 2348 328 2426 primis
348 2366 462 2424 quoqne
481 2367 587 2426 magna
613 2348 753 2408 dissensio
773 2359 834 2408 est:
862 2368 952 2425 eaque
973 2351 1028 2408 nisi

229 2444 412 2523 dijudicatur,
428 2445 458 2503 ih
472 2464 585 2503 summo
598 2464 695 2504 errore
708 2464 828 2505 necesse
842 2457 885 2505 est
899 2446 1029 2506 homiues

230 2552 314 2618 atque
328 2541 358 2600 in
371 2541 559 2600 maximarum
573 2560 669 2600 rerum
683 2542 863 2620 ignoratione
876 2543 991 2627 {ers-mi.

183 2743 216 2794 20
268 2736 307 2795 ΙΙ.
336 2737 411 2795 Sunt
424 2736 502 2795 enim
521 2737 695 2814 philosophi,
709 2749 739 2796 et
758 2736 884 2809 fuerunt,
899 2738 948 2814 qui
969 2756 1029 2795 orn·

228 2833 298 2893 nino
311 2834 418 2892 nullam
432 2834 537 2893 habere
551 2845 703 2893 censerent
723 2854 818 2892 rernm
839 2835 1027 2892 humanarum

227 2930 459 3007 procurationem
479 2929 566 2988 Deos.
606 2930 741 2992 Quorum
762 2931 786 2988 si
807 2950 874 2989 vern
887 2931 1029 2989 sententia

228 3035 280 3099 est,
296 3046 359 3103 quae
373 3037 466 3104 potest
486 3046 549 3086 esse
568 3027 682 3107 pietasl
703 3046 766 3102 quae
786 3028 943 3098 sanctim}
964 3046 1027 3103 quae

228 3123 354 3201 religiol
400 3122 474 3183 Haec
501 3124 578 3185 enim
606 3123 712 3196 omnia,
739 3141 811 3201 pure
837 3135 922 3199 atque
948 3133 1027 3181 caste

182 3233 215 3285 25
227 3220 380 3280 tribuenda
392 3221 522 3281 Deorum
535 3221 647 3280 numini
662 3221 703 3279 ita
722 3218 841 3294 suntsi
853 3219 1028 3277 animadver-

227 3327 326 3376 tuntur
341 3317 377 3376 ab
391 3318 445 3392 his,
459 3329 489 3379 et
502 3318 527 3378 si
540 3328 584 3377 est
598 3316 704 3393 aliquid
721 3334 737 3374 a
750 3314 805 3375 Dis
819 3314 1027 3375 immortalibus

212 3412 370 3475 dominum
382 3416 487 3499 generi
500 3415 650 3478 tributum.
690 3413 745 3473 lin
758 3422 853 3472 antem
873 3410 913 3471 Di
933 3429 1027 3490 neque
