2409 3859
486 350 582 400 cisun
601 352 633 399 u.
651 351 674 398 s.
987 338 1027 399 n

183 512 222 563 lus
235 504 298 582 ipsc
312 502 386 561 satis
400 501 550 576 indicaret,
564 520 624 561 non
638 520 702 560 esse
715 519 751 559 cu
765 500 890 561 fortuita.
931 498 981 571 Ut,

183 603 279 678 siquis
293 601 324 659 in
340 600 460 679 domum
482 599 604 675 aliquam
626 599 718 657 autin
739 598 919 675 gymnasium
935 608 983 656 aut

183 697 208 756 in
241 700 337 757 sorum
366 696 486 768 venerit,
515 716 581 754 cum
609 697 704 754 videat
731 696 859 754 omnium
888 715 983 754 rerum

183 798 330 867 rationein,
345 794 476 866 modum,
490 794 683 871 disciplinam,
697 813 756 851 non
769 794 859 869 possit
873 812 908 850 cu
922 793 984 851 sinc

184 913 266 952 causa
286 894 352 973 ficri
371 892 514 969 judicare,
530 892 579 949 sed
600 911 664 951 esse
686 891 810 967 aliquem
832 890 1013 966 intelligat‚5

184 993 227 1068 qui
240 992 338 1068 praesit
353 1001 382 1048 et
398 990 609 1067 culparentur:
631 989 827 1065 multomagis
848 989 878 1046 in
898 989 985 1045 tantis

184 1089 358 1146 motionibus
372 1087 518 1161 tantisque
534 1087 790 1159 vicissitudinibus,
805 1098 863 1145 tam
885 1087 986 1144 multa·

183 1202 362 1244 cumrerum
385 1195 471 1260 atque
490 1195 634 1242 tantarum
655 1184 814 1256 ordinibus,
830 1185 860 1242 in
881 1185 986 1260 quibus

183 1282 249 1341 nihil
264 1300 395 1358 unquam
410 1280 550 1339 immensa
564 1292 593 1339 et
606 1281 719 1338 infinita
738 1291 864 1339 vetustas
885 1281 986 1339 menti·

183 1391 209 1438 lu
221 1381 267 1452 sit,
282 1389 392 1438 statuat
412 1396 531 1436 necesse
552 1389 595 1436 est
616 1379 652 1436 ab
674 1377 770 1453 aliqua
783 1388 879 1436 mente
891 1388 987 1437 tantos
1000 1391 1031 1440 10

183 1489 288 1536 nuturae
304 1487 401 1535 motus
415 1476 578 1553 gubernari.

219 1670 271 1730 VI.
300 1669 482 1747 Chrysippus
496 1670 623 1746 quidem,
639 1687 812 1744 quamquam
826 1678 869 1726 est
885 1669 988 1727 acerri-

183 1784 228 1826 mo
253 1766 385 1846 ingenio,
406 1777 502 1825 tamen
530 1785 563 1825 ea
591 1767 672 1838 dicit,
695 1778 727 1823 ut
747 1767 783 1823 nb
804 1766 866 1842 ipsa
885 1778 988 1825 natura

183 1865 328 1937 didicisse,
357 1883 416 1922 non
442 1868 476 1922 *ul
510 1866 570 1942 ipse
605 1864 745 1940 reperisse
772 1863 909 1924 videatur.
951 1865 988 1924 si

183 1965 262 2036 mim,
283 1963 390 2038 inquit,
412 1970 454 2020 est
474 1963 590 2040 aliquid
607 1963 639 2019 in
659 1982 753 2019 rerum
773 1970 892 2035 natura,
914 1963 990 2041 quod
1001 1973 1032 2022 15

183 2059 300 2119 hominis
315 2079 401 2131 mens,
416 2059 590 2137 quadratio,
605 2060 681 2137 quod
700 2061 754 2132 cis,
768 2060 845 2138 quod
857 2069 987 2138 potestas

183 2157 306 2216 humana
320 2157 423 2234 efficere
437 2177 491 2215 nnn
500 2158 594 2234 possit
606 2178 617 2222 ‚·
638 2166 680 2216 est
694 2165 767 2216 certe
780 2158 815 2214 id
827 2160 903 2236 quod
915 2159 990 2217 illud

183 2256 264 2333 efficit
284 2255 394 2313 homine
407 2255 513 2313 nulius.
542 2254 639 2331 Atqui
652 2274 696 2313 res
711 2254 831 2314 ccclcste's
844 2276 988 2333 omnesque

183 2353 224 2411 ltoe
237 2371 361 2431 quarum
374 2359 416 2410 est
430 2351 497 2410 crdo
510 2352 705 2428 sempiternus,
718 2352 754 2410 ab
768 2353 875 2412 homine
889 2353 990 2430 confici

183 2470 236 2508 con
244 2458 391 2528 possunt:
412 2457 453 2507 cst
473 2450 568 2525 igitur
582 2449 624 2521 id,
639 2469 694 2526 quc
713 2451 767 2509 illa
787 2453 987 2530 conficiuntur,
1001 2462 1033 2512 2⁰

184 2547 290 2606 humine
318 2547 423 2604 melius.
464 2546 506 2605 Id
532 2555 626 2605 autem
653 2548 725 2625 quid
744 2551 844 2626 potius
872 2548 988 2621 diceris,

184 2663 266 2720 quam
288 2642 409 2701 Deum?
436 2643 536 2700 etenim
556 2642 583 2700 si
606 2642 654 2700 Di
674 2664 729 2702 non
749 2653 826 2717 sunt,
842 2643 914 2721 quid
932 2664 989 2702 esse

183 2747 274 2815 potest
288 2739 320 2796 in
334 2757 428 2795 rerum
441 2746 550 2796 natura
564 2739 671 2797 homine
684 2741 807 2798 melius?
829 2740 860 2797 in
874 2758 904 2796 eo
917 2740 990 2798 enim

184 2837 241 2895 solo
261 2836 341 2893 ratio
362 2843 414 2906 est,
429 2855 487 2912 qua
507 2837 583 2894 nillil
595 2846 692 2914 potest
713 2858 770 2896 esse
785 2837 987 2913 proestcntius.

185 2934 260 2993 Esse
285 2940 377 2990 autem
398 2933 543 3006 hominem,
564 2936 616 3012 qui
635 2936 711 2994 nillil
728 2936 760 2992 in
787 2935 862 2993 omni
887 2934 1033 2997 mundans

185 3033 281 3091 melius
297 3051 451 3109 essequam
472 3051 500 3090 se
514 3040 610 3109 putet,
625 3033 790 3109 desipientis
811 3034 990 3108 arrogantie

164 3126 169 3153 ⁸
187 3138 234 3191 cst.
267 3127 356 3204 Ergo
368 3137 411 3188 est
419 3130 536 3210 aliquid
547 3131 658 3197 melius.
693 3128 858 3210 Estigitur
871 3130 1005 3209 psnffcclc

418 3229 464 3287 71
