2409 3859
487 450 586 499 uuna
603 450 623 499 1.
641 452 678 500 ³).
987 443 1028 503 47

178 604 298 662 ruditum
328 613 388 677 est,
419 601 612 675 crocodilum,
640 613 689 661 aut
715 602 795 675 ibim,
823 616 872 662 aut
899 604 983 662 felem

178 701 307 759 riolatum
345 702 386 758 ab
421 699 571 778 AEgyptio.
624 699 707 762 Quid
741 701 828 778 igitur
862 703 983 760 censes?
1021 764 1023 769 ,

179 799 255 875 Apim
270 800 371 870 illum,
387 807 524 855 sanctum
539 797 740 875 AEgyptiorum
760 799 872 871 bovem,
887 819 983 857 nonne

179 893 263 954 Deum
285 894 386 954 videri
400 893 571 972 AEgyptiisl
611 894 686 952 Tam
708 895 814 968 hercle,
830 914 915 972 quam
929 896 981 954 tibi

180 991 246 1051 illem
266 1004 401 1050 vestram
417 989 573 1065 Sospitam,
588 1010 673 1066 quarn
688 1005 719 1048 tu
740 1011 887 1068 nunquam
900 1011 937 1050 ne
952 993 1008 1049 in5

180 1091 278 1148 samnis
292 1088 418 1166 quidem
432 1086 522 1160 vides,
533 1087 589 1145 nisi
603 1106 670 1146 cum
683 1088 758 1165 pelle
771 1089 900 1165 caprina,
914 1108 981 1146 cum

181 1184 260 1258 basta,
276 1205 349 1245 cum
371 1185 501 1257 scutulo,
516 1203 582 1242 cum
602 1185 738 1242 calceolis
758 1186 898 1262 repandis.
939 1187 981 1244 At

181 1300 230 1341 mn
247 1295 293 1343 est
315 1282 386 1341 talis
406 1281 528 1359 Argn‘va,
548 1300 603 1340 nec
624 1280 759 1340 Romana
773 1283 859 1357 June.
901 1283 981 1361 Ergo

134 1388 136 1413 ⁵
183 1378 227 1436 clia
239 1379 357 1456 species
378 1375 506 1433 Junonis
527 1375 653 1454 Argivis,
669 1376 723 1434 ulia
743 1377 910 1450 Lanuvinis,
926 1379 980 1436 alia

134 1436 136 1539 l
182 1476 261 1534 nun.
304 1475 346 1533 m
361 1472 482 1549 quaem
497 1472 552 1531 aua
564 1473 648 1531 nom
659 1474 824 1550 capitolini,
835 1475 890 1533 ana
900 1475 980 1534 Ana
991 1480 1021 1529 10

182 1570 328 1631 Ammonis
342 1569 437 1631 Jovis.

213 1765 314 1825 XXX.
352 1764 425 1823 Non
452 1763 542 1838 pudet
568 1763 655 1842 igitur
681 1763 841 1840 physicum,
869 1763 899 1821 id
926 1777 979 1838 est,
1050 1780 1074 1821 ἐ

182 1866 387 1939 speculatorem
416 1871 639 1937 venatoremque
666 1870 785 1932 nature,
815 1862 850 1918 ab
877 1861 980 1922 animis

182 1960 387 2020 cousuetudine
409 1957 535 2027 imbutis,
549 1968 647 2033 petere
666 1957 860 2016 testimonium
880 1961 981 2020 verita·

182 2055 229 2114 tisl
268 2055 429 2114 Istoeninr
443 2054 530 2110 modo
550 2055 647 2112 dicere
668 2054 776 2127 licebit,
791 2055 892 2113 lovem
907 2077 979 2116 sem·
990 2073 1020 2121 15

181 2168 223 2226 per
234 2154 402 2220 barbatum,
418 2149 582 2225 Apollinem
596 2170 707 2227 semper
723 2152 889 2226 imberbem,
900 2157 980 2215 caesi·

182 2265 209 2304 cs
226 2250 330 2307 oculos
351 2247 504 2318 Minervae,
519 2247 658 2304 caeruleos
678 2266 740 2305 esse
760 2247 899 2325 Neptuni.
941 2254 979 2310 Et

181 2347 289 2421 quidem
312 2345 467 2404 laudamus
480 2344 644 2403 Vulcanum
659 2346 783 2405 Athenis
803 2368 879 2421 eum,
894 2370 979 2424 quem

181 2445 242 2504 lecit
269 2434 460 2516 ¹Alcamenes,
492 2441 522 2500 in
561 2464 631 2520 quo,
645 2455 737 2503 stante
766 2456 849 2522 atque
876 2448 978 2504 vestito

180 2538 272 2599 leviter
294 2548 415 2616 apparet
436 2538 609 2596 claudicatio
631 2557 687 2596 non
708 2541 851 2600 deformis.
893 2542 1020 2600 Clau-20

181 2634 243 2694 dum
267 2637 357 2714 igitur
385 2633 553 2692 habebimus
573 2635 677 2708 Deum,
700 2637 832 2713 quoniam
854 2640 890 2697 de
910 2639 980 2696 Vul-

182 2750 250 2791 cano
269 2734 315 2791 sic
335 2730 509 2807 accepimus.
554 2733 616 2809 Age
636 2743 665 2790 et
686 2735 730 2791 his
750 2728 896 2793 uocabulis
916 2755 979 2794 esse

181 2826 255 2888 Deos
269 2829 423 2899 faciamus,
439 2827 542 2902 quibus
565 2848 580 2886 a
600 2830 683 2887 nobis
704 2832 894 2890 nominantur.
937 2835 979 2892 At
1048 2817 1075 2875 (ὅ

181 2927 299 3001 primum
315 2937 385 3002 quot
406 2926 553 2984 hominum
574 2927 691 3005 linguae,
706 2939 748 2985 tot
767 2929 883 2987 nomina
903 2930 979 2989 Deo·

181 3041 248 3084 rum.
302 3023 372 3096 Non
399 3024 486 3096 enim,
514 3036 544 3082 ut
571 3036 602 3082 tu
631 3025 769 3096 Velleius,
797 3033 1019 3103 quocumquetu

181 3122 301 3193 veneris,
323 3121 366 3178 sic
386 3122 461 3180 idem
490 3123 518 3179 in
547 3123 631 3181 ltalia
657 3121 816 3194 Vulcanus,
844 3122 919 3181 idem
948 3125 977 3182 in

181 3217 287 3289 Africa,
304 3217 379 3276 idem
393 3218 424 3279 in
439 3217 593 3303 Hispania.
631 3219 756 3283 Deinbe
765 3219 997 3281 nummatum
