2409 3859
665 403 673 427 .

176 453 217 515 26
442 470 485 515 uu
504 470 639 518 uiuunt
658 471 804 518 nuceum.

220 617 401 694 cognitiones
421 619 569 679 Deorum:
590 639 685 696 neque
705 621 781 679 enim
803 621 914 694 Jorem,
929 640 1038 698 neque

220 713 377 790 Junonem,
397 737 491 793 neque
512 719 641 791 Vestam,
662 737 756 794 neque
776 737 958 794 quemquam,
973 724 1028 795 qui

220 811 260 869 ita
288 814 454 889 appelletur,
481 815 511 872 in
539 815 667 872 Deorum
695 815 781 874 hebet
806 835 943 874 numero:
972 815 1023 874 sed

219 910 306 967 rebus
320 911 455 969 inanimis
470 922 554 987 atque
569 912 666 984 mutis,
680 931 731 989 per
751 913 893 987 quandam
915 913 1023 990 signifi·

189 1006 373 1079 ficationem,
401 1009 464 1065 haec
498 1009 583 1066 docet
615 1010 724 1067 tributa
749 1010 874 1068 nomina.
929 1010 1022 1087 Cujus

111 1110 139 1165 ’Ἰ
219 1102 353 1179 discipuli
381 1104 526 1162 Aristonis
553 1124 612 1162 non
633 1106 728 1163 minus
749 1125 854 1184 magno
874 1107 905 1164 in
925 1124 1022 1165 errore

218 1200 360 1258 sententia
387 1211 448 1259 est:
477 1201 525 1276 qui
546 1221 640 1277 neque
667 1203 787 1260 sormam
815 1204 872 1261 Dei
900 1203 1021 1280 intelligi

217 1314 301 1372 posse
322 1308 449 1370 censeat,
463 1317 557 1378 nmque
579 1300 608 1356 in
630 1299 684 1357 Dis
704 1319 819 1358 sensnm
840 1319 904 1358 esse
924 1301 1020 1377 dic-un

217 1392 385 1470 dubitetque
411 1396 539 1468 omnino,
567 1396 648 1454 Deus
682 1398 822 1468 animans,
850 1417 943 1456 necne
975 1399 1020 1457 sit.

175 1489 204 1540 1⁰
217 1488 373 1548 Cleanthes
388 1502 493 1564 autem,
508 1493 557 1568 qui
572 1493 725 1551 Zenonem
748 1494 856 1552 audivit
877 1509 935 1552 una
954 1514 1021 1554 curn

217 1604 263 1659 eo,
277 1607 363 1663 quern
376 1589 504 1665 proxime
517 1591 674 1662 nominavi,
689 1602 749 1648 tum
764 1592 856 1668 ipsum
872 1592 1021 1665 mundum,

141 1675 144 1679 ’
216 1683 314 1742 Deum
327 1686 398 1743 dicit
411 1705 490 1744 esse:
512 1698 572 1744 tum
588 1689 676 1745 totius
696 1700 805 1746 naturae
826 1690 915 1746 menti
937 1699 1022 1764 utque

219 1784 314 1840 animo
334 1785 435 1841 tribuit
456 1784 511 1842 hoc
524 1804 647 1842 nornen:
670 1796 729 1841 tum
745 1786 888 1858 ultimum,
904 1796 933 1843 et
947 1787 1022 1845 altis-

217 1880 332 1952 simum,
345 1891 430 1956 atque
443 1881 571 1956 undique
582 1881 799 1950 circumfusum,
811 1891 840 1938 et
850 1890 1020 1954 extremum,

172 1984 204 2033 15
217 1976 314 2034 omnia
335 1978 500 2055 cingentem
522 1988 607 2052 atque
621 1972 801 2052 compleuum
816 1977 956 2050 ardorem,
972 1980 1021 2054 qui

217 2073 305 2131 aether
338 2075 513 2146 nominetur,
541 2073 733 2131 certissimum
768 2073 865 2131 Deum
897 2075 1018 2150 judicat.

216 2169 357 2245 Idemque
377 2172 459 2246 qnasi
481 2170 605 2228 delirans
619 2170 649 2226 in
666 2169 699 2226 iis
713 2170 804 2242 libris,
819 2189 892 2245 quos
906 2172 1021 2249 scripsit

217 2276 318 2325 contra
331 2266 515 2343 voluptatem,
528 2276 588 2323 tum
603 2266 686 2343 fingit
700 2267 821 2324 formum
835 2268 980 2342 quandam
993 2280 1023 2327 et

217 2364 342 2441 speciem
364 2365 504 2434 Deorum,
518 2373 580 2420 tum
601 2362 779 2422 divinitatem
792 2382 907 2422 omnem
922 2366 1023 2424 tribuit

171 2470 203 2522 20
218 2461 310 2533 astris,
325 2471 385 2520 tum
400 2460 472 2518 nibil
486 2461 598 2518 ratione
612 2472 711 2518 censet
725 2479 788 2518 esse
802 2461 935 2519 divinius.
977 2463 1023 2521 Itu

216 2560 257 2631 fit,
273 2569 304 2616 ut
324 2559 406 2616 Deus
426 2558 484 2630 ille,
498 2576 583 2632 quem
605 2568 700 2615 mente
721 2558 877 2629 noscimus,
893 2571 977 2635 utque
992 2560 1023 2618 in

218 2656 306 2714 animi
340 2656 468 2726 notione,
495 2665 641 2730 tamquam
669 2655 700 2712 in
727 2655 860 2733 vestigio,
888 2657 1022 2716 volumus

217 2774 366 2831 reponere,
382 2773 522 2830 nusquam
535 2772 652 2830 prorsus
673 2766 814 2831 appareat.

110 2946 131 3008 l
256 2947 324 3006 XV.
359 2949 401 3004 At
427 2947 573 3031 Persaeus,
589 2948 718 3024 ejusdem
746 2950 877 3008 Zenonis
898 2949 1021 3021 auditor,

172 3058 204 3107 23
217 3064 267 3103 eos
281 3044 353 3100 dicit
366 3062 428 3102 esse
443 3044 555 3112 habitos
569 3045 658 3116 Deos,
673 3064 690 3102 a
703 3047 808 3121 quibus
821 3065 926 3123 magun
946 3046 1023 3104 utili·

216 3153 260 3200 tus
282 3141 317 3197 nd
337 3142 401 3198 vitae
423 3141 534 3198 cultum
554 3152 629 3199 esset
654 3142 786 3200 inventa:
815 3143 948 3218 ipsasque
975 3162 1022 3202 res

201 3237 293 3294 utiles
307 3247 337 3296 et
350 3239 496 3299 salutares
510 3239 645 3299 Deorum
663 3257 729 3299 esse
745 3240 894 3299 vocubulis
912 3260 1023 3299 nuncu-
