2409 3859
444 343 487 395 ld.
512 342 638 395 TULLII
660 343 854 397 CICERONIS

340 560 415 626 DE
452 558 676 626 NATURA
713 558 954 638 DEORUM,

633 740 670 774 An

442 876 635 932 MARCUM
662 879 861 943 BRUTUM,

505 1056 604 1103 LIBER
624 1057 791 1104 SECUNDUS

557 1260 748 1273 -υ--ι

284 1426 307 1485 L
334 1427 419 1489 Qun
441 1442 510 1481 cum
531 1423 619 1481 Cotta
633 1424 760 1496 dixisset,
776 1437 838 1481 tum
849 1422 987 1490 Velleius,
999 1423 1054 1484 Nae

251 1540 310 1601 ego,
338 1523 445 1599 iuquit,
474 1520 619 1589 incautus,
641 1522 690 1597 qui
718 1541 784 1579 cum
814 1521 994 1580 Academico
1025 1535 1054 1583 et

251 1622 348 1679 codem
362 1621 480 1677 rhetore
494 1619 633 1696 congredi
654 1631 774 1677 conatus
794 1639 866 1677 snm.
907 1619 984 1678 Nam
1006 1641 1054 1680 ne·

252 1734 303 1791 quc
330 1717 503 1775 indisertum
525 1715 735 1773 Academicum
755 1716 976 1792 pertimuissem,
998 1738 1054 1777 neo

251 1813 309 1873 cine
323 1814 380 1872 ista
400 1812 583 1890 philosophia
603 1813 756 1884 rhetorem,
772 1813 900 1888 quamvis
920 1815 1082 1890 eloquen·5

251 1920 321 1969 tem:
356 1928 454 1985 neque
481 1909 558 1966 enim
592 1910 711 1968 flumine
739 1911 895 1968 conturbor
924 1913 1051 1970 inanium

250 2009 411 2078 verborum,
427 2024 483 2063 nec
498 2006 654 2064 subtilitate
675 2007 891 2079 sententiarum,
906 2009 930 2066 si
952 2008 1054 2087 oratio-

251 2104 293 2161 nis
319 2114 364 2163 est
391 2102 517 2160 siccitas.
560 2102 609 2159 Tu
638 2114 743 2174 autem,
765 2103 860 2177 Cotta,
881 2116 1002 2179 utraque
1022 2122 1053 2161 re

251 2200 380 2259 valuisti:
410 2217 518 2256 corona
538 2199 589 2257 tibi
612 2211 640 2257 ct
658 2200 772 2276 judices
792 2201 951 2259 defuerunt.
995 2200 1053 2256 Sed

252 2296 285 2354 ad
299 2298 355 2354 ista
370 2296 460 2354 alias:
482 2315 561 2354 nunc
575 2296 732 2369 Lucilium,
747 2296 771 2354 si
793 2298 847 2374 ipsi
868 2296 1052 2355 commodum
1067 2309 1096 2358 lo

251 2404 301 2466 eat,
323 2393 484 2452 audiamus.
526 2392 605 2451 Tum
627 2393 744 2465 Balbus,
765 2394 898 2453 Eundem
920 2392 1052 2467 equidem

251 2492 365 2550 mallem
380 2489 479 2548 audire
493 2491 620 2561 Cottam,
633 2490 711 2562 dum,
723 2510 780 2566 qua
790 2489 955 2566 eloquentia
966 2489 1053 2548 falsos

251 2586 329 2646 Deos
342 2586 468 2659 sustulit,
482 2587 582 2645 eadam
604 2606 687 2645 veros
707 2588 842 2646 inducat:
864 2595 908 2642 est
927 2585 1003 2641 enim
1025 2599 1055 2646 et

250 2683 424 2759 philosophi,
438 2695 467 2742 et
480 2683 634 2760 pontificis,
648 2694 677 2742 et
691 2683 794 2756 Cottae,
809 2685 845 2741 de
865 2679 920 2738 Dis
940 2679 1055 2743 immor·

252 2780 354 2838 talibus
373 2779 479 2840 hahere
500 2800 559 2842 nou
581 2791 729 2843 errantem
750 2792 781 2843 et
798 2796 918 2860 ragam,
932 2786 971 2835 ut
991 2777 1098 2838 heau
