<?xml version="1.0" encoding="UTF-8"?>
<!DOCTYPE html PUBLIC "-//W3C//DTD XHTML 1.0 Transitional//EN"
    "http://www.w3.org/TR/xhtml1/DTD/xhtml1-transitional.dtd">
<html xmlns="http://www.w3.org/1999/xhtml" xml:lang="en" lang="en">
 <head>
  <title>
</title>
<meta http-equiv="Content-Type" content="text/html;charset=utf-8" />
  <meta name='ocr-system' content='tesseract 3.04.00' />
  <meta name='ocr-capabilities' content='ocr_page ocr_carea ocr_par ocr_line ocrx_word'/>
</head>
<body>
  <div class='ocr_page' id='page_1' title='image "./mtciceronisdena00cicegoog_0078.png"; bbox 0 0 2409 3859; ppageno 0'>
   <div class='ocr_carea' id='block_1_1' title="bbox 186 451 815 513">
    <p class='ocr_par' dir='ltr' id='par_1_1' title="bbox 186 451 815 513">
     <span class='ocr_line' id='line_1_1' title="bbox 186 451 815 513; baseline -0.003 0"><span class='ocrx_word' id='word_1_1' title='bbox 186 451 226 513; x_wconf 75' lang='lat' dir='ltr'>te</span> <span class='ocrx_word' id='word_1_2' title='bbox 453 464 496 510; x_wconf 83' lang='lat' dir='ltr'>uu</span> <span class='ocrx_word' id='word_1_3' title='bbox 515 457 650 511; x_wconf 74' lang='lat' dir='ltr'>nauum</span> <span class='ocrx_word' id='word_1_4' title='bbox 669 464 815 511; x_wconf 78' lang='lat' dir='ltr'>osonum.</span> 
     </span>
    </p>
   </div>
   <div class='ocr_carea' id='block_1_2' title="bbox 120 609 1038 2338">
    <p class='ocr_par' dir='ltr' id='par_1_2' title="bbox 120 609 1038 2338">
     <span class='ocr_line' id='line_1_2' title="bbox 230 609 1035 694; baseline 0.007 -24"><span class='ocrx_word' id='word_1_5' title='bbox 230 613 353 671; x_wconf 89' lang='lat' dir='ltr'>dictator</span> <span class='ocrx_word' id='word_1_6' title='bbox 369 633 435 672; x_wconf 88' lang='lat' dir='ltr'>cum</span> <span class='ocrx_word' id='word_1_7' title='bbox 450 609 574 674; x_wconf 78' lang='lat' dir='ltr'>Octavio</span> <span class='ocrx_word' id='word_1_8' title='bbox 590 614 726 673; x_wconf 82' lang='lat' dir='ltr'>Mamilio</span> <span class='ocrx_word' id='word_1_9' title='bbox 746 616 919 675; x_wconf 83' lang='lat' dir='ltr'>Tusculano</span> <span class='ocrx_word' id='word_1_10' title='bbox 937 616 1035 694; x_wconf 74' lang='lat' dir='ltr'>prelio</span> 
     </span>
     <span class='ocr_line' id='line_1_3' title="bbox 230 710 1035 790; baseline 0.005 -23"><span class='ocrx_word' id='word_1_11' title='bbox 230 710 391 782; x_wconf 83' lang='lat' dir='ltr'>dimicaret,</span> <span class='ocrx_word' id='word_1_12' title='bbox 402 712 432 769; x_wconf 91' lang='lat' dir='ltr'>in</span> <span class='ocrx_word' id='word_1_13' title='bbox 444 724 540 769; x_wconf 87' lang='lat' dir='ltr'>nostra</span> <span class='ocrx_word' id='word_1_14' title='bbox 552 713 615 769; x_wconf 90' lang='lat' dir='ltr'>acie</span> <span class='ocrx_word' id='word_1_15' title='bbox 626 712 730 770; x_wconf 84' lang='lat' dir='ltr'>Castor</span> <span class='ocrx_word' id='word_1_16' title='bbox 744 724 774 770; x_wconf 91' lang='lat' dir='ltr'>et</span> <span class='ocrx_word' id='word_1_17' title='bbox 787 713 891 770; x_wconf 82' lang='lat' dir='ltr'>Pollux</span> <span class='ocrx_word' id='word_1_18' title='bbox 904 732 941 771; x_wconf 85' lang='lat' dir='ltr'>ex</span> <span class='ocrx_word' id='word_1_19' title='bbox 954 714 1035 790; x_wconf 81' lang='lat' dir='ltr'>equis</span> 
     </span>
     <span class='ocr_line' id='line_1_4' title="bbox 229 809 1035 885; baseline 0.005 -20"><span class='ocrx_word' id='word_1_20' title='bbox 229 827 360 885; x_wconf 85' lang='lat' dir='ltr'>pugnare</span> <span class='ocrx_word' id='word_1_21' title='bbox 381 809 433 866; x_wconf 89' lang='lat' dir='ltr'>visi</span> <span class='ocrx_word' id='word_1_22' title='bbox 454 819 539 866; x_wconf 91' lang='lat' dir='ltr'>sunt:</span> <span class='ocrx_word' id='word_1_23' title='bbox 561 820 590 866; x_wconf 89' lang='lat' dir='ltr'>et</span> <span class='ocrx_word' id='word_1_24' title='bbox 611 809 773 867; x_wconf 83' lang='lat' dir='ltr'>recentiore</span> <span class='ocrx_word' id='word_1_25' title='bbox 793 810 934 867; x_wconf 89' lang='lat' dir='ltr'>memoria</span> <span class='ocrx_word' id='word_1_26' title='bbox 948 811 1035 870; x_wconf 82' lang='lat' dir='ltr'>iidem</span> 
     </span>
     <span class='ocr_line' id='line_1_5' title="bbox 229 905 1036 980; baseline 0.006 -19"><span class='ocrx_word' id='word_1_27' title='bbox 229 905 405 980; x_wconf 85' lang='lat' dir='ltr'>Tyndaridae</span> <span class='ocrx_word' id='word_1_28' title='bbox 420 906 528 963; x_wconf 87' lang='lat' dir='ltr'>Persen</span> <span class='ocrx_word' id='word_1_29' title='bbox 543 906 650 963; x_wconf 89' lang='lat' dir='ltr'>victum</span> <span class='ocrx_word' id='word_1_30' title='bbox 660 907 872 965; x_wconf 86' lang='lat' dir='ltr'>nuntiaverunt.</span> <span class='ocrx_word' id='word_1_31' title='bbox 915 908 948 966; x_wconf 91' lang='lat' dir='ltr'>P.</span> <span class='ocrx_word' id='word_1_32' title='bbox 959 926 1036 966; x_wconf 88' lang='lat' dir='ltr'>emm</span> 
     </span>
     <span class='ocr_line' id='line_1_6' title="bbox 201 993 1037 1081; baseline 0.007 -23"><span class='ocrx_word' id='word_1_33' title='bbox 201 993 374 1076; x_wconf 77' lang='lat' dir='ltr'>ovatiniu‘s,</span> <span class='ocrx_word' id='word_1_34' title='bbox 391 1023 459 1059; x_wconf 89' lang='lat' dir='ltr'>avus</span> <span class='ocrx_word' id='word_1_35' title='bbox 474 1003 557 1079; x_wconf 89' lang='lat' dir='ltr'>hujus</span> <span class='ocrx_word' id='word_1_36' title='bbox 579 1003 780 1075; x_wconf 90' lang='lat' dir='ltr'>adolescentis,</span> <span class='ocrx_word' id='word_1_37' title='bbox 795 1023 861 1061; x_wconf 92' lang='lat' dir='ltr'>cum</span> <span class='ocrx_word' id='word_1_38' title='bbox 883 1023 901 1062; x_wconf 86' lang='lat' dir='ltr'>e</span> <span class='ocrx_word' id='word_1_39' title='bbox 921 1005 1037 1081; x_wconf 76' lang='lat' dir='ltr'>praesco-</span> 
     </span>
     <span class='ocr_line' id='line_1_7' title="bbox 229 1098 1037 1178; baseline 0.006 -22"><span class='ocrx_word' id='word_1_40' title='bbox 229 1110 293 1156; x_wconf 86' lang='lat' dir='ltr'>tura</span> <span class='ocrx_word' id='word_1_41' title='bbox 307 1099 435 1156; x_wconf 86' lang='lat' dir='ltr'>Reatina</span> <span class='ocrx_word' id='word_1_42' title='bbox 448 1098 574 1156; x_wconf 83' lang='lat' dir='ltr'><strong>Romam</strong></span> <span class='ocrx_word' id='word_1_43' title='bbox 589 1100 716 1158; x_wconf 87' lang='lat' dir='ltr'>venienti</span> <span class='ocrx_word' id='word_1_44' title='bbox 730 1112 820 1158; x_wconf 91' lang='lat' dir='ltr'>noctu</span> <span class='ocrx_word' id='word_1_45' title='bbox 841 1101 899 1158; x_wconf 94' lang='lat' dir='ltr'>duo</span> <span class='ocrx_word' id='word_1_46' title='bbox 916 1102 1037 1178; x_wconf 76' lang='lat' dir='ltr'>juvenes</span> 
     </span>
     <span class='ocr_line' id='line_1_8' title="bbox 229 1196 1037 1274; baseline 0.006 -22"><span class='ocrx_word' id='word_1_47' title='bbox 229 1215 295 1252; x_wconf 90' lang='lat' dir='ltr'>curn</span> <span class='ocrx_word' id='word_1_48' title='bbox 318 1197 399 1270; x_wconf 92' lang='lat' dir='ltr'>equis</span> <span class='ocrx_word' id='word_1_49' title='bbox 421 1196 493 1253; x_wconf 90' lang='lat' dir='ltr'>albis</span> <span class='ocrx_word' id='word_1_50' title='bbox 513 1196 653 1254; x_wconf 83' lang='lat' dir='ltr'>dixissent</span> <span class='ocrx_word' id='word_1_51' title='bbox 672 1216 769 1274; x_wconf 85' lang='lat' dir='ltr'>regern</span> <span class='ocrx_word' id='word_1_52' title='bbox 791 1197 899 1256; x_wconf 86' lang='lat' dir='ltr'>Persen</span> <span class='ocrx_word' id='word_1_53' title='bbox 921 1199 971 1256; x_wconf 89' lang='lat' dir='ltr'>illo</span> <span class='ocrx_word' id='word_1_54' title='bbox 990 1198 1037 1258; x_wconf 84' lang='lat' dir='ltr'>die</span> 
     </span>
     <span class='ocr_line' id='line_1_9' title="bbox 229 1293 1037 1371; baseline 0.006 -22"><span class='ocrx_word' id='word_1_55' title='bbox 229 1305 355 1367; x_wconf 88' lang='lat' dir='ltr'>captum,</span> <span class='ocrx_word' id='word_1_56' title='bbox 377 1293 490 1350; x_wconf 87' lang='lat' dir='ltr'>senatui</span> <span class='ocrx_word' id='word_1_57' title='bbox 517 1293 678 1351; x_wconf 84' lang='lat' dir='ltr'>nuntiavit:</span> <span class='ocrx_word' id='word_1_58' title='bbox 708 1305 738 1353; x_wconf 86' lang='lat' dir='ltr'>et</span> <span class='ocrx_word' id='word_1_59' title='bbox 770 1295 873 1371; x_wconf 87' lang='lat' dir='ltr'>primo,</span> <span class='ocrx_word' id='word_1_60' title='bbox 894 1297 975 1371; x_wconf 89' lang='lat' dir='ltr'>quasi</span> <span class='ocrx_word' id='word_1_61' title='bbox 997 1307 1037 1354; x_wconf 82' lang='lat' dir='ltr'>te·</span> 
     </span>
     <span class='ocr_line' id='line_1_10' title="bbox 228 1390 1038 1470; baseline 0.009 -25"><span class='ocrx_word' id='word_1_62' title='bbox 228 1407 306 1446; x_wconf 90' lang='lat' dir='ltr'>rnere</span> <span class='ocrx_word' id='word_1_63' title='bbox 333 1390 369 1446; x_wconf 90' lang='lat' dir='ltr'>de</span> <span class='ocrx_word' id='word_1_64' title='bbox 389 1391 537 1465; x_wconf 81' lang='lat' dir='ltr'>republica</span> <span class='ocrx_word' id='word_1_65' title='bbox 556 1390 682 1464; x_wconf 84' lang='lat' dir='ltr'>locutus,</span> <span class='ocrx_word' id='word_1_66' title='bbox 704 1393 734 1450; x_wconf 92' lang='lat' dir='ltr'>in</span> <span class='ocrx_word' id='word_1_67' title='bbox 755 1411 902 1450; x_wconf 81' lang='lat' dir='ltr'>carcerem</span> <span class='ocrx_word' id='word_1_68' title='bbox 923 1394 1038 1470; x_wconf 84' lang='lat' dir='ltr'>conjec-</span> 
     </span>
     <span class='ocr_line' id='line_1_11' title="bbox 185 1487 1036 1561; baseline 0.007 -18"><span class='ocrx_word' id='word_1_69' title='bbox 185 1495 215 1544; x_wconf 85' lang='lat'>10</span> <span class='ocrx_word' id='word_1_70' title='bbox 229 1497 275 1543; x_wconf 91' lang='lat' dir='ltr'>tus</span> <span class='ocrx_word' id='word_1_71' title='bbox 296 1497 355 1543; x_wconf 90' lang='lat' dir='ltr'>est:</span> <span class='ocrx_word' id='word_1_72' title='bbox 377 1497 451 1561; x_wconf 89' lang='lat' dir='ltr'>post,</span> <span class='ocrx_word' id='word_1_73' title='bbox 473 1507 488 1544; x_wconf 90' lang='lat' dir='ltr'>a</span> <span class='ocrx_word' id='word_1_74' title='bbox 508 1487 611 1544; x_wconf 88' lang='lat' dir='ltr'>Paullo</span> <span class='ocrx_word' id='word_1_75' title='bbox 632 1489 722 1547; x_wconf 91' lang='lat' dir='ltr'>literis</span> <span class='ocrx_word' id='word_1_76' title='bbox 744 1489 849 1560; x_wconf 89' lang='lat' dir='ltr'>allatis,</span> <span class='ocrx_word' id='word_1_77' title='bbox 870 1508 938 1546; x_wconf 90' lang='lat' dir='ltr'>cum</span> <span class='ocrx_word' id='word_1_78' title='bbox 960 1491 1036 1548; x_wconf 88' lang='lat' dir='ltr'>idern</span> 
     </span>
     <span class='ocr_line' id='line_1_12' title="bbox 228 1583 1036 1660; baseline 0.006 -20"><span class='ocrx_word' id='word_1_79' title='bbox 228 1583 290 1640; x_wconf 87' lang='lat' dir='ltr'>dies</span> <span class='ocrx_word' id='word_1_80' title='bbox 311 1583 495 1651; x_wconf 79' lang='lat' dir='ltr'>constitisset,</span> <span class='ocrx_word' id='word_1_81' title='bbox 516 1593 546 1640; x_wconf 88' lang='lat' dir='ltr'>et</span> <span class='ocrx_word' id='word_1_82' title='bbox 574 1603 645 1660; x_wconf 86' lang='lat' dir='ltr'>agro</span> <span class='ocrx_word' id='word_1_83' title='bbox 665 1605 682 1643; x_wconf 91' lang='lat' dir='ltr'>a</span> <span class='ocrx_word' id='word_1_84' title='bbox 702 1597 814 1657; x_wconf 85' lang='lat' dir='ltr'>senatu,</span> <span class='ocrx_word' id='word_1_85' title='bbox 835 1597 864 1643; x_wconf 91' lang='lat' dir='ltr'>et</span> <span class='ocrx_word' id='word_1_86' title='bbox 885 1587 1036 1645; x_wconf 86' lang='lat' dir='ltr'>vacatione</span> 
     </span>
     <span class='ocr_line' id='line_1_13' title="bbox 228 1681 1033 1761; baseline 0.005 -24"><span class='ocrx_word' id='word_1_87' title='bbox 228 1681 350 1738; x_wconf 91' lang='lat' dir='ltr'>donatus</span> <span class='ocrx_word' id='word_1_88' title='bbox 360 1691 410 1739; x_wconf 89' lang='lat' dir='ltr'>est.</span> <span class='ocrx_word' id='word_1_89' title='bbox 453 1682 550 1757; x_wconf 84' lang='lat' dir='ltr'>Atque</span> <span class='ocrx_word' id='word_1_90' title='bbox 561 1681 648 1739; x_wconf 86' lang='lat' dir='ltr'>etiam</span> <span class='ocrx_word' id='word_1_91' title='bbox 658 1702 726 1740; x_wconf 91' lang='lat' dir='ltr'>curn</span> <span class='ocrx_word' id='word_1_92' title='bbox 738 1683 772 1741; x_wconf 88' lang='lat' dir='ltr'>ad</span> <span class='ocrx_word' id='word_1_93' title='bbox 782 1683 901 1741; x_wconf 87' lang='lat' dir='ltr'>fluvium</span> <span class='ocrx_word' id='word_1_94' title='bbox 912 1685 1033 1761; x_wconf 83' lang='lat' dir='ltr'>Sagram</span> 
     </span>
     <span class='ocr_line' id='line_1_14' title="bbox 120 1778 1036 1855; baseline 0.004 -20"><span class='ocrx_word' id='word_1_95' title='bbox 120 1835 127 1850; x_wconf 67' lang='grc'><em>,</em></span> <span class='ocrx_word' id='word_1_96' title='bbox 228 1778 413 1836; x_wconf 85' lang='lat' dir='ltr'>Crotoniatas</span> <span class='ocrx_word' id='word_1_97' title='bbox 434 1778 520 1836; x_wconf 90' lang='lat' dir='ltr'>Locri</span> <span class='ocrx_word' id='word_1_98' title='bbox 542 1779 669 1836; x_wconf 78' lang='lat' dir='ltr'>maximo</span> <span class='ocrx_word' id='word_1_99' title='bbox 689 1780 787 1855; x_wconf 77' lang='lat' dir='ltr'>praelio</span> <span class='ocrx_word' id='word_1_100' title='bbox 802 1781 986 1852; x_wconf 81' lang='lat' dir='ltr'>devicissent,</span> <span class='ocrx_word' id='word_1_101' title='bbox 1000 1796 1036 1839; x_wconf 84' lang='lat' dir='ltr'>eo</span> 
     </span>
     <span class='ocr_line' id='line_1_15' title="bbox 228 1875 1033 1954; baseline 0.002 -21"><span class='ocrx_word' id='word_1_102' title='bbox 228 1875 290 1951; x_wconf 80' lang='lat' dir='ltr'>ipso</span> <span class='ocrx_word' id='word_1_103' title='bbox 305 1876 352 1933; x_wconf 90' lang='lat' dir='ltr'>die</span> <span class='ocrx_word' id='word_1_104' title='bbox 367 1876 491 1934; x_wconf 89' lang='lat' dir='ltr'>auditam</span> <span class='ocrx_word' id='word_1_105' title='bbox 507 1894 570 1933; x_wconf 81' lang='lat' dir='ltr'>esse</span> <span class='ocrx_word' id='word_1_106' title='bbox 581 1892 646 1932; x_wconf 83' lang='lat' dir='ltr'>eam</span> <span class='ocrx_word' id='word_1_107' title='bbox 658 1896 783 1952; x_wconf 85' lang='lat' dir='ltr'>pugnam</span> <span class='ocrx_word' id='word_1_108' title='bbox 794 1877 870 1933; x_wconf 89' lang='lat' dir='ltr'>ludis</span> <span class='ocrx_word' id='word_1_109' title='bbox 880 1876 1033 1954; x_wconf 70' lang='lat' dir='ltr'>Olympia,</span> 
     </span>
     <span class='ocr_line' id='line_1_16' title="bbox 136 1973 1035 2048; baseline 0.009 -24"><span class='ocrx_word' id='word_1_110' title='bbox 136 1984 141 1993; x_wconf 87' lang='grc'>’</span> <span class='ocrx_word' id='word_1_111' title='bbox 184 1978 214 2025; x_wconf 85' lang='lat'>15</span> <span class='ocrx_word' id='word_1_112' title='bbox 228 1974 375 2029; x_wconf 75' lang='lat' dir='ltr'>memoriae</span> <span class='ocrx_word' id='word_1_113' title='bbox 395 1973 540 2048; x_wconf 91' lang='lat' dir='ltr'>proditum</span> <span class='ocrx_word' id='word_1_114' title='bbox 561 1980 613 2028; x_wconf 88' lang='lat' dir='ltr'>est.</span> <span class='ocrx_word' id='word_1_115' title='bbox 657 1974 741 2048; x_wconf 85' lang='lat' dir='ltr'>Saepe</span> <span class='ocrx_word' id='word_1_116' title='bbox 762 1974 928 2030; x_wconf 81' lang='lat' dir='ltr'>Faunorum</span> <span class='ocrx_word' id='word_1_117' title='bbox 950 1992 1035 2032; x_wconf 73' lang='lat' dir='ltr'>voco·</span> 
     </span>
     <span class='ocr_line' id='line_1_17' title="bbox 228 2067 1034 2144; baseline 0.005 -20"><span class='ocrx_word' id='word_1_118' title='bbox 228 2069 379 2138; x_wconf 85' lang='lat' dir='ltr'>exauditae,</span> <span class='ocrx_word' id='word_1_119' title='bbox 394 2087 470 2144; x_wconf 86' lang='lat' dir='ltr'>saepe</span> <span class='ocrx_word' id='word_1_120' title='bbox 484 2069 551 2124; x_wconf 82' lang='lat' dir='ltr'>visae</span> <span class='ocrx_word' id='word_1_121' title='bbox 567 2067 667 2125; x_wconf 82' lang='lat' dir='ltr'>formae</span> <span class='ocrx_word' id='word_1_122' title='bbox 681 2068 820 2140; x_wconf 88' lang='lat' dir='ltr'>Deorum,</span> <span class='ocrx_word' id='word_1_123' title='bbox 832 2071 963 2144; x_wconf 87' lang='lat' dir='ltr'>quemvis</span> <span class='ocrx_word' id='word_1_124' title='bbox 976 2089 1034 2128; x_wconf 86' lang='lat' dir='ltr'>nou</span> 
     </span>
     <span class='ocr_line' id='line_1_18' title="bbox 196 2163 1035 2242; baseline 0.007 -22"><span class='ocrx_word' id='word_1_125' title='bbox 196 2222 200 2229; x_wconf 73' lang='grc'><em>,</em></span> <span class='ocrx_word' id='word_1_126' title='bbox 228 2175 276 2221; x_wconf 81' lang='lat' dir='ltr'>aut</span> <span class='ocrx_word' id='word_1_127' title='bbox 297 2165 438 2236; x_wconf 87' lang='lat' dir='ltr'>hebetem,</span> <span class='ocrx_word' id='word_1_128' title='bbox 461 2175 510 2221; x_wconf 86' lang='lat' dir='ltr'>aut</span> <span class='ocrx_word' id='word_1_129' title='bbox 530 2163 662 2239; x_wconf 89' lang='lat' dir='ltr'>impium,</span> <span class='ocrx_word' id='word_1_130' title='bbox 683 2165 764 2222; x_wconf 89' lang='lat' dir='ltr'>Deos</span> <span class='ocrx_word' id='word_1_131' title='bbox 789 2178 945 2242; x_wconf 60' lang='lat' dir='ltr'>praesentes</span> <span class='ocrx_word' id='word_1_132' title='bbox 972 2185 1035 2226; x_wconf 83' lang='lat' dir='ltr'>esse</span> 
     </span>
     <span class='ocr_line' id='line_1_19' title="bbox 227 2248 948 2338; baseline 0.001 -19"><span class='ocrx_word' id='word_1_133' title='bbox 227 2261 358 2319; x_wconf 86' lang='lat' dir='ltr'>confiteri</span> <span class='ocrx_word' id='word_1_134' title='bbox 373 2273 538 2338; x_wconf 83' lang='lat' dir='ltr'>coegerunt.</span> <span class='ocrx_word' id='word_1_135' title='bbox 946 2248 948 2252; x_wconf 40' lang='grc'>’</span> 
     </span>
    </p>
   </div>
   <div class='ocr_carea' id='block_1_3' title="bbox 181 2454 1034 3321">
    <p class='ocr_par' dir='ltr' id='par_1_3' title="bbox 181 2454 1034 3321">
     <span class='ocr_line' id='line_1_20' title="bbox 265 2454 1033 2534; baseline 0.004 -19"><span class='ocrx_word' id='word_1_136' title='bbox 265 2456 319 2515; x_wconf 93' lang='grc' dir='ltr'><strong>ΙΙΙ.</strong></span> <span class='ocrx_word' id='word_1_137' title='bbox 347 2454 554 2514; x_wconf 65' lang='lat' dir='ltr'>Praedictiones</span> <span class='ocrx_word' id='word_1_138' title='bbox 574 2474 642 2515; x_wconf 88' lang='lat' dir='ltr'>vero</span> <span class='ocrx_word' id='word_1_139' title='bbox 663 2469 691 2516; x_wconf 92' lang='lat' dir='ltr'>et</span> <span class='ocrx_word' id='word_1_140' title='bbox 711 2457 919 2534; x_wconf 65' lang='lat' dir='ltr'>praesensiones</span> <span class='ocrx_word' id='word_1_141' title='bbox 939 2477 1033 2518; x_wconf 85' lang='lat' dir='ltr'>rerum</span> 
     </span>
     <span class='ocr_line' id='line_1_21' title="bbox 182 2553 1033 2627; baseline 0.004 -15"><span class='ocrx_word' id='word_1_142' title='bbox 182 2555 386 2613; x_wconf 78' lang='lat' dir='ltr'>20futurarum</span> <span class='ocrx_word' id='word_1_143' title='bbox 414 2553 483 2627; x_wconf 88' lang='lat' dir='ltr'>quid</span> <span class='ocrx_word' id='word_1_144' title='bbox 513 2554 590 2611; x_wconf 88' lang='lat' dir='ltr'>aliud</span> <span class='ocrx_word' id='word_1_145' title='bbox 612 2555 768 2626; x_wconf 87' lang='lat' dir='ltr'>declarant,</span> <span class='ocrx_word' id='word_1_146' title='bbox 791 2556 845 2611; x_wconf 91' lang='lat' dir='ltr'>uisi</span> <span class='ocrx_word' id='word_1_147' title='bbox 869 2556 1033 2615; x_wconf 78' lang='lat' dir='ltr'>hominibus</span> 
     </span>
     <span class='ocr_line' id='line_1_22' title="bbox 226 2650 1034 2732; baseline 0.005 -22"><span class='ocrx_word' id='word_1_148' title='bbox 226 2673 270 2724; x_wconf 89' lang='lat' dir='ltr'>ea,</span> <span class='ocrx_word' id='word_1_149' title='bbox 291 2673 355 2729; x_wconf 83' lang='lat' dir='ltr'>quae</span> <span class='ocrx_word' id='word_1_150' title='bbox 383 2650 449 2722; x_wconf 89' lang='lat' dir='ltr'>sint,</span> <span class='ocrx_word' id='word_1_151' title='bbox 472 2653 594 2724; x_wconf 87' lang='lat' dir='ltr'>ostendi,</span> <span class='ocrx_word' id='word_1_152' title='bbox 616 2655 778 2724; x_wconf 89' lang='lat' dir='ltr'>monstrari,</span> <span class='ocrx_word' id='word_1_153' title='bbox 799 2656 944 2729; x_wconf 86' lang='lat' dir='ltr'>portendi,</span> <span class='ocrx_word' id='word_1_154' title='bbox 964 2675 1034 2732; x_wconf 77' lang='lat' dir='ltr'>pra’·</span> 
     </span>
     <span class='ocr_line' id='line_1_23' title="bbox 226 2750 1032 2827; baseline 0.004 -20"><span class='ocrx_word' id='word_1_155' title='bbox 226 2750 308 2808; x_wconf 78' lang='lat' dir='ltr'>dicit</span> <span class='ocrx_word' id='word_1_156' title='bbox 344 2769 381 2808; x_wconf 88' lang='lat' dir='ltr'>ex</span> <span class='ocrx_word' id='word_1_157' title='bbox 406 2767 464 2823; x_wconf 91' lang='lat' dir='ltr'>quo</span> <span class='ocrx_word' id='word_1_158' title='bbox 493 2750 540 2808; x_wconf 85' lang='lat' dir='ltr'>illa</span> <span class='ocrx_word' id='word_1_159' title='bbox 574 2762 696 2823; x_wconf 85' lang='lat' dir='ltr'>ostenta,</span> <span class='ocrx_word' id='word_1_160' title='bbox 726 2762 862 2821; x_wconf 86' lang='lat' dir='ltr'>monstra,</span> <span class='ocrx_word' id='word_1_161' title='bbox 890 2764 1032 2827; x_wconf 84' lang='lat' dir='ltr'>portenta,</span> 
     </span>
     <span class='ocr_line' id='line_1_24' title="bbox 226 2849 1033 2927; baseline 0.004 -21"><span class='ocrx_word' id='word_1_162' title='bbox 226 2850 358 2927; x_wconf 84' lang='lat' dir='ltr'>prodigia</span> <span class='ocrx_word' id='word_1_163' title='bbox 385 2849 530 2907; x_wconf 91' lang='lat' dir='ltr'>dicuntur.</span> <span class='ocrx_word' id='word_1_164' title='bbox 571 2849 665 2911; x_wconf 83' lang='lat' dir='ltr'>Quod</span> <span class='ocrx_word' id='word_1_165' title='bbox 691 2852 716 2908; x_wconf 93' lang='lat' dir='ltr'>si</span> <span class='ocrx_word' id='word_1_166' title='bbox 744 2870 778 2908; x_wconf 87' lang='lat' dir='ltr'>ea</span> <span class='ocrx_word' id='word_1_167' title='bbox 799 2851 866 2908; x_wconf 86' lang='lat' dir='ltr'>ficta</span> <span class='ocrx_word' id='word_1_168' title='bbox 887 2853 1033 2909; x_wconf 74' lang='lat' dir='ltr'>credimus</span> 
     </span>
     <span class='ocr_line' id='line_1_25' title="bbox 226 2947 1032 3027; baseline 0.004 -21"><span class='ocrx_word' id='word_1_169' title='bbox 226 2949 346 3007; x_wconf 90' lang='lat' dir='ltr'>licentia</span> <span class='ocrx_word' id='word_1_170' title='bbox 366 2949 537 3020; x_wconf 86' lang='lat' dir='ltr'>fabularum,</span> <span class='ocrx_word' id='word_1_171' title='bbox 555 2947 702 3024; x_wconf 89' lang='lat' dir='ltr'>Mopsum,</span> <span class='ocrx_word' id='word_1_172' title='bbox 716 2951 872 3021; x_wconf 82' lang='lat' dir='ltr'>Tiresiam,</span> <span class='ocrx_word' id='word_1_173' title='bbox 895 2951 1032 3027; x_wconf 84' lang='lat' dir='ltr'>Amphia-</span> 
     </span>
     <span class='ocr_line' id='line_1_26' title="bbox 181 3045 1033 3126; baseline 0.002 -22"><span class='ocrx_word' id='word_1_174' title='bbox 181 3053 214 3104; x_wconf 80' lang='lat'>25</span> <span class='ocrx_word' id='word_1_175' title='bbox 227 3065 319 3119; x_wconf 90' lang='lat' dir='ltr'>raum,</span> <span class='ocrx_word' id='word_1_176' title='bbox 334 3046 533 3117; x_wconf 80' lang='lat' dir='ltr'>Calchantem,</span> <span class='ocrx_word' id='word_1_177' title='bbox 556 3045 713 3118; x_wconf 89' lang='lat' dir='ltr'>Helenum,</span> <span class='ocrx_word' id='word_1_178' title='bbox 735 3066 806 3121; x_wconf 87' lang='lat' dir='ltr'>quos</span> <span class='ocrx_word' id='word_1_179' title='bbox 826 3058 923 3104; x_wconf 90' lang='lat' dir='ltr'>tamen</span> <span class='ocrx_word' id='word_1_180' title='bbox 945 3066 1033 3126; x_wconf 80' lang='lat' dir='ltr'>augu-</span> 
     </span>
     <span class='ocr_line' id='line_1_27' title="bbox 224 3143 1032 3219; baseline 0.006 -19"><span class='ocrx_word' id='word_1_181' title='bbox 224 3162 272 3201; x_wconf 89' lang='lat' dir='ltr'>res</span> <span class='ocrx_word' id='word_1_182' title='bbox 299 3163 336 3202; x_wconf 91' lang='lat' dir='ltr'>ne</span> <span class='ocrx_word' id='word_1_183' title='bbox 363 3143 431 3219; x_wconf 83' lang='lat' dir='ltr'>ipsae</span> <span class='ocrx_word' id='word_1_184' title='bbox 459 3144 575 3219; x_wconf 89' lang='lat' dir='ltr'>quidem</span> <span class='ocrx_word' id='word_1_185' title='bbox 604 3143 707 3202; x_wconf 75' lang='lat' dir='ltr'>fabulae</span> <span class='ocrx_word' id='word_1_186' title='bbox 735 3144 913 3215; x_wconf 87' lang='lat' dir='ltr'>ascivissent,</span> <span class='ocrx_word' id='word_1_187' title='bbox 935 3146 960 3203; x_wconf 93' lang='lat' dir='ltr'>si</span> <span class='ocrx_word' id='word_1_188' title='bbox 986 3162 1032 3205; x_wconf 73' lang='lat' dir='ltr'>m</span> 
     </span>
     <span class='ocr_line' id='line_1_28' title="bbox 212 3240 1031 3321; baseline 0.001 -23"><span class='ocrx_word' id='word_1_189' title='bbox 212 3243 339 3303; x_wconf 85' lang='lat' dir='ltr'>omuino</span> <span class='ocrx_word' id='word_1_190' title='bbox 353 3241 563 3321; x_wconf 79' lang='lat' dir='ltr'>repudiarent3</span> <span class='ocrx_word' id='word_1_191' title='bbox 582 3259 622 3301; x_wconf 86' lang='lat' dir='ltr'>ne</span> <span class='ocrx_word' id='word_1_192' title='bbox 636 3240 804 3299; x_wconf 72' lang='lat' dir='ltr'>nomest&#39;reis</span> <span class='ocrx_word' id='word_1_193' title='bbox 815 3241 1031 3312; x_wconf 58' lang='lat' dir='ltr'>autumarem-</span> 
     </span>
    </p>
   </div>
   <div class='ocr_carea' id='block_1_4' title="bbox 0 0 1210 3859">
    <p class='ocr_par' dir='ltr' id='par_1_4' title="bbox 0 0 1210 3859">
     <span class='ocr_line' id='line_1_29' title="bbox 0 0 1210 3859; baseline 0 1"><span class='ocrx_word' id='word_1_194' title='bbox 0 0 1210 3859; x_wconf 95' lang='lat' dir='ltr'> </span> 
     </span>
    </p>
   </div>
  </div>
 </body>
</html>
