2409 3859
199 435 239 497 74
466 449 510 495 na
528 448 664 496 urruns
682 448 829 497 osonum.

244 599 395 674 procinctu
411 609 582 658 testamenta
593 599 749 676 perierunt.
790 599 870 657 Tum
885 598 965 657 enim
975 598 1053 658 bella

245 715 345 773 gerere
358 697 449 756 nostri
463 698 553 756 duces
566 697 719 774 incipiunt,
735 717 802 756 cum
818 697 949 773 auspicia
967 716 1053 775 posu·

244 804 337 852 erunt.
378 795 422 852 At
442 814 508 853 vero
523 795 598 872 apud
614 795 736 872 majores
750 805 829 852 tanta
843 794 996 872 religionis
1010 795 1053 855 ris

245 890 309 963 suit,
331 902 363 949 ut
382 893 499 968 quidam
521 892 708 969 imperatores
727 893 816 950 etiam
837 911 868 950 se
889 893 968 968 ipsos
995 891 1052 951 Dis

215 1001 232 1050 5
245 972 454 1048 immortalibus
469 990 562 1066 capite
571 990 664 1049 velato
676 990 770 1049 verbis
781 990 868 1048 certis
882 1010 935 1067 pro
948 991 1053 1068 repub·

244 1086 302 1145 lica
327 1087 507 1145 devoverent.
549 1086 644 1145 Multa
664 1107 701 1145 ex
720 1087 870 1163 Sibyllinis
890 1088 1053 1147 vaticinati-

244 1184 358 1253 onibus,
370 1185 458 1243 multa
472 1203 507 1243 ex
521 1185 706 1260 haruspicum
715 1184 860 1260 responsis
874 1203 1053 1245 commemo·

223 1284 307 1339 'rare
327 1300 453 1356 possum,
468 1282 572 1357 quibus
592 1301 627 1339 ea
646 1281 862 1354 confirmentur,
877 1301 942 1357 quae
962 1283 1054 1343 dubia

244 1377 353 1436 nemini
367 1379 473 1437 debent
486 1398 557 1437 esse.

200 1578 231 1628 10
283 1573 334 1632 IV.
363 1572 454 1649 Atqui
468 1583 497 1631 et
517 1583 679 1631 nostrorum
701 1593 841 1651 augurum
862 1585 891 1632 et
911 1573 1064 1635 Etrusco.

244 1690 307 1728 rum
341 1670 527 1746 haruspicum
561 1669 753 1745 disciplinam,
782 1670 813 1727 P.
844 1671 994 1746 Scipione,
1023 1682 1055 1731 et

244 1769 278 1827 C.
308 1768 413 1845 Figulo
439 1768 618 1838 consulibus,
639 1786 685 1825 res
712 1767 774 1843 ipsa
800 1768 948 1843 probavit:
977 1789 1054 1846 quos

245 1885 312 1924 cum
326 1865 374 1923 Ti.
386 1867 548 1937 Gracchus,
565 1865 665 1922 consul
682 1865 796 1936 iterum,
806 1878 926 1938 crearet,
938 1868 1052 1942 primus

215 1986 219 1993 ·
245 1973 419 2037 rogatorum,
449 1972 480 2019 ut
513 1981 563 2018 eos
589 1962 696 2033 retulit,
726 1961 832 2018 ibidem
860 1974 903 2019 est
930 1977 1052 2039 repente

201 2073 232 2120 15
244 2068 380 2115 mortuus.
422 2058 573 2114 Gracchus
601 2077 669 2115 cum
697 2059 814 2116 comitia
841 2060 932 2117 nihilo
953 2062 1052 2120 minus

244 2155 410 2230 peregisset,
438 2157 556 2230 remque
582 2155 661 2213 illam
690 2157 718 2213 in
746 2157 915 2233 religionem
942 2161 1053 2257 pppulo

244 2253 357 2310 venisse
371 2253 498 2324 sentiret,
509 2253 544 2310 ad
559 2264 689 2311 senatum
706 2255 815 2312 retulit:
837 2266 964 2328 senatus,
976 2276 1052 2332 quos

245 2351 280 2408 ad
296 2351 409 2422 soleret,
425 2351 606 2409 referendum
622 2352 750 2408 censuit:
773 2352 940 2427 haruspices
961 2354 1052 2414 intro·

245 2450 334 2521 ducti,
357 2450 574 2525 responderunt,
596 2469 654 2506 non
676 2450 763 2506 fuisse
788 2451 896 2526 justum
917 2453 1052 2512 comitio·

200 2556 308 2605 borum
337 2558 507 2624 rogatorem.
563 2548 641 2604 Tum
677 2549 837 2620 Gracchus,
866 2560 897 2606 ut
925 2569 941 2607 e
968 2563 1052 2626 patre

246 2646 407 2717 audiebam,
436 2646 572 2702 incensus
600 2644 651 2716 ira,
682 2645 763 2704 Itane
791 2648 879 2703 verol
908 2667 963 2723 ego
989 2668 1051 2707 non

250 2743 353 2819 justus,
375 2742 424 2818 qui
445 2753 474 2799 et
494 2743 594 2799 consul
617 2744 724 2819 rogavi,
740 2756 768 2801 et
790 2763 890 2820 augur,
906 2756 932 2802 et
956 2747 1052 2822 auspi·

245 2841 330 2898 catol
366 2859 401 2897 an
429 2859 478 2896 vos
505 2839 598 2896 Tusci
635 2860 668 2897 ac
704 2841 817 2898 barbari
852 2841 1050 2917 auspiciorum

243 2937 343 3013 populi
369 2937 495 2994 Romani
521 2937 569 3014 jus
595 2938 708 3010 tenetis,
737 2948 766 2996 et
793 2939 961 3015 interpretes
985 2960 1051 3000 esse

195 3041 232 3091 ἐῶ
245 3035 427 3093 comitiorum
455 3035 591 3110 potestisl
646 3036 748 3110 Itaque
775 3048 836 3094 tum
870 3037 934 3095 illos
969 3040 1051 3098 exire

250 3133 352 3211 jussit:
373 3143 438 3207 post
459 3143 554 3190 autem
575 3152 610 3190 ex
631 3134 779 3209 provincia
800 3135 897 3193 literas
912 3136 945 3192 ad
962 3138 1052 3197 colle-

223 3232 316 3312 gium
342 3231 434 3308 misit,
457 3252 501 3310 se,
522 3251 594 3292 curn
619 3234 734 3311 legeret
746 3232 853 3302 libros,
868 3234 1055 3293 recordatum
