2409 3859
423 496 430 502 -
464 449 681 552 *arnaria
1000 460 1038 530 1'7

178 634 290 732 raquo
292 612 649 705 etsensibdepraeditum3
640 630 816 689 rotundum
819 630 993 723 ‚ardentem

179 726 343 789 volubilem
357 728 476 786 Deum
497 737 637 803 portenta,
652 737 681 787 et
700 704 846 786 miracula
859 748 917 787 non
937 729 994 787 dis·

180 828 342 886 serentium
353 823 603 902 philosophorum,
613 824 886 883 sedsomniantium
919 824 1069 895 Qui-1

182 924 234 982 bas
247 925 332 982 enim
347 921 446 981 oculis
461 921 547 978 animi
562 870 780 998 inluerlpotuit
800 930 892 979 vester
911 921 994 980 Plato

184 1022 325 1080 fabricam
347 1020 430 1079 illam
451 1018 523 1076 tanti
543 1019 647 1096 operis,
662 1018 723 1094 qua
738 1019 865 1078 construi
886 1037 904 1076 a
929 1018 1022 1083 Deos

186 1130 270 1194 atque
285 1115 430 1176 edificari
444 1115 583 1172 mundum
598 1116 687 1179 facitl
708 1136 771 1192 quae
785 1117 915 1174 molitiol
930 1134 993 1191 quae
1025 1137 1028 1143 ·

186 1214 381 1273 ferramenta?
418 1211 469 1288 qai
506 1215 620 1270 vectes?
654 1233 716 1289 quaa
750 1214 911 1272 machinael
944 1213 993 1289 qui

186 1311 310 1369 ministri
331 1308 409 1368 tanti
431 1309 558 1366 muneris
584 1309 723 1367 suerunt?
752 1300 993 1386 quemadmodum

187 1420 281 1466 autem
301 1406 427 1466 obedire
443 1414 472 1462 et
489 1424 589 1481 parere
610 1407 748 1465 voluntati
770 1407 919 1465 architecti
935 1427 993 1480 aer,

187 1506 277 1583 ignis,
294 1524 380 1581 aqua,
405 1513 488 1561 terra
512 1506 687 1580 potueruntl
726 1505 811 1563 Unde
837 1524 905 1563 vero
925 1516 993 1564 ortae
1004 1518 1038 1571 '10

187 1603 243 1661 illae
256 1603 391 1678 quinque
405 1599 515 1672 sormae,
530 1601 682 1676 exquibus
696 1601 806 1677 reliqua
825 1602 993 1675 formantur,

188 1710 251 1777 apte
260 1701 404 1758 cadentes
415 1694 452 1754 ad
461 1697 586 1756 animum
594 1699 995 1774 efficiendumpariendosque

186 1798 308 1855 sensusl
353 1795 491 1870 Longum
506 1806 549 1852 est
569 1795 732 1857 adomnia:
730 1795 898 1873 quaetalia
918 1805 994 1870 sunt,

186 1905 218 1953 t
186 1904 449 1970 optatamagrs
458 1910 542 1967 quam
552 1893 668 1951 inventa
678 1892 835 1951 videantur
877 1893 935 1952 Sed
946 1894 996 1952 illa
1053 1912 1070 1955 2

185 1991 322 2068 palmaris
351 1987 480 2065 quidem,
508 1990 594 2064 quod,
622 1990 670 2066 qui
698 2009 773 2048 non
784 1990 869 2049 modo
895 2001 1001 2049 natum
1008 2004 1039 2053 15

189 2089 330 2146 mundum
366 2084 568 2158 introduxerit,
595 2087 646 2144 sed
680 2087 766 2146 etiam
799 2107 885 2146 manu
912 2107 995 2164 paene

186 2185 306 2256 sactum,
322 2184 432 2242 iseum
447 2180 550 2240 dixerit
569 2183 631 2242 fore
650 2184 863 2265 sempiternum.
906 2185 995 2242 Hunc

186 2301 290 2341 censes
310 2278 424 2358 primis,
439 2288 470 2336 ut
483 2279 598 2353 dicitur,
613 2281 700 2339 labris
713 2293 842 2360 gustasse
855 2283 996 2360 physiolo-

185 2380 275 2458 giam,
290 2377 343 2454 qui
359 2376 526 2451 quidquam,
541 2378 618 2452 quod
639 2389 732 2436 ortum
754 2379 800 2451 sit,
815 2389 897 2455 putet
917 2389 996 2436 aeter-

185 2495 257 2535 num
285 2493 352 2533 esse
378 2473 486 2548 posset
524 2472 602 2536 Quae
623 2485 666 2531 est
687 2475 764 2532 enim
784 2475 1039 2553 coagmentatiom

186 2591 246 2630 ιιοιι
267 2567 467 2628 dissolubilisl
489 2579 537 2627 aut
557 2570 698 2644 quidest,
719 2571 802 2648 cujus
821 2571 995 2648 principium

190 2667 310 2744 aliquod
331 2666 379 2737 sit,
395 2664 466 2723 nihil
481 2665 518 2724 sit
531 2669 712 2747 extremum?
752 2667 875 2751 Pronoea
889 2669 995 2727 verosi

188 2777 283 2823 restra
311 2773 365 2834 est,
388 2762 493 2834 Lucili,
522 2752 642 2835 eadem5
666 2764 798 2840 requiro,
818 2784 881 2840 quae
907 2767 995 2841 paulo

188 2873 272 2934 ante:
289 2859 445 2929 ministros,
467 2860 623 2933 machinas,
645 2880 759 2921 ornnem
786 2862 874 2918 totius
900 2864 995 2939 operis

187 2956 421 3035 designationem
449 2967 545 3031 atque.
560 2968 746 3033 apparatum:
781 2958 825 3014 sin
853 2959 909 3031 alia
943 2962 1039 3029 est,25

188 3074 242 3113 cur
262 3052 413 3112 mortalem
434 3053 535 3111 feeerit
555 3060 705 3124 mundum,
726 3073 794 3124 ιιοιι,
815 3034 997 3129 quemadmo·

188 3153 259 3211 dum
273 3148 442 3209 Platonicus
455 3149 544 3224 Deus,
559 3155 775 3234 sempiternum.

347 3246 433 3308 3¹2⁸
500 3255 503 3263 ’
