2409 3859
209 440 255 499 22
480 449 522 494 un
541 449 675 495 urruns
694 449 836 507 unorum.

175 670 182 676 g
258 598 372 675 phaneu
387 599 518 675 appellat,
533 598 729 657 coutinentem
743 597 844 655 ardore
858 598 932 655 lucis
945 599 1058 672 orbem,

259 695 308 772 qui
329 695 421 772 cingit
440 695 553 770 celum,
574 715 660 772 quem
684 694 806 771 appellat
819 695 934 752 Deum:
955 685 1059 772 inquo

258 810 352 868 ueque
371 793 491 870 figuram
511 792 635 851 divinam
659 810 751 867 nequo
771 810 886 849 sensum
907 791 1059 868 quisquam

168 872 172 877 ,
258 890 398 966 suspicari
431 901 538 966 potest:
571 891 718 966 multaque
751 890 879 966 ejusdem
912 898 1065 961 monstra}

230 988 363 1064 5quippe
377 987 427 1062 qui
447 987 563 1054 bellum,
578 987 629 1062 qni
649 987 832 1057 discordiam,
846 987 895 1062 qui
916 986 1060 1062 cupidita·

257 1095 327 1156 tem,
339 1094 491 1158 ceteraque
500 1083 614 1160 generis
628 1083 755 1159 ejusdem
768 1083 803 1140 ad
817 1082 911 1140 Deum
925 1094 1045 1142 revocat
1049 1104 1057 1155 ;

259 1199 322 1255 quae
347 1179 391 1238 rel
419 1177 529 1251 morbo,
550 1181 593 1238 vel
621 1198 732 1251 somno,
759 1180 802 1236 vel
830 1179 984 1251 oblivione,
1011 1180 1058 1239 vel
1085 1251 1087 1254 y

259 1286 397 1334 vetustate
417 1275 564 1334 delentur:
585 1276 743 1351 eademque
763 1276 799 1333 de
819 1275 970 1347 sideribus,
990 1294 1057 1351 quae

259 1371 430 1447 reprehensa
439 1371 500 1449 jam
513 1372 543 1429 in
558 1372 614 1429 alio
628 1372 704 1442 loco,
718 1358 750 1428 iri
763 1372 819 1430 hoc
832 1371 1018 1447 omittantur,¹
1038 1364 1040 1371 ’
1092 1445 1096 1453 ¹

121 1562 168 1633 2l
215 1575 246 1625 10
297 1562 368 1623 XII.
396 1564 587 1640 Empedocles
601 1575 696 1623 autem
710 1565 800 1622 multa
813 1564 1007 1639 aliapecoaus
1028 1565 1059 1624 in

259 1661 387 1721 Deorum
414 1661 550 1738 opinione
583 1662 748 1738 turpissime
780 1660 902 1719 labitur:
937 1672 1059 1737 quatuor

258 1759 337 1818 enim
357 1770 485 1831 naturas,
499 1779 535 1817 ex
554 1759 659 1834 quibus
678 1759 776 1817 omnia
795 1768 927 1817 constare
948 1771 1058 1833 censet,

259 1857 369 1914 divinas
382 1875 445 1914 esse
458 1856 537 1912 vult:
558 1875 629 1931 quas
649 1866 677 1913 et
697 1855 777 1913 nasci
792 1868 820 1912 et
834 1856 976 1932 exstingui
996 1875 1060 1932 per-

258 1952 390 2027 spicuum
416 1963 460 2009 est
485 1963 514 2009 et
541 1970 626 2010 sensu
652 1951 730 2008 omni
758 1970 864 2010 carere.
905 1951 970 2010 Nec
990 1971 1059 2012 vero

216 2053 247 2102 15
259 2042 507 2124 Protagoras„'qui
522 2065 585 2104 sese
606 2059 692 2124 negat
712 2048 832 2105 omuino
851 2049 887 2105 de
908 2048 962 2106 Dis
981 2049 1059 2124 quod

258 2145 366 2220 liqueat
386 2127 470 2215 scire,
485 2143 552 2210 siut,
571 2163 630 2201 non
650 2144 717 2215 sint,
738 2144 871 2219 qualesve
891 2145 947 2202 sint
979 2145 1059 2220 quid·
1093 2176 1095 2181 ·

259 2261 342 2317 quam
353 2241 463 2299 videtur
477 2242 513 2298 de
527 2251 629 2298 natura
639 2241 766 2298 Deorum
775 2241 922 2317 suspicari.
956 2241 1058 2304 Quint

259 2338 453 2410 Democritus,
468 2338 517 2414 qui
538 2349 599 2395 tum
620 2338 770 2414 imagines,
785 2356 941 2413 earumque
955 2338 1059 2397 circui-

259 2447 305 2494 tus
319 2436 349 2494 iu
363 2436 490 2492 Deorum
504 2453 625 2492 numero
639 2435 740 2504 relert3
756 2449 817 2491 tum
828 2434 906 2492 illam
916 2445 1058 2508 naturam,
1085 2503 1087 2506 v

216 2542 246 2595 ⁹4]
260 2553 322 2607 quae
350 2531 489 2608 imagines
509 2531 610 2588 fundat
631 2550 665 2589 ac
685 2531 792 2601 mittat3
820 2545 879 2587 tum
907 2530 1058 2590 scientiam

260 2629 534 2707 intelligentiamque
562 2638 627 2684 nost
628 2647 704 2698 ram3
739 2646 835 2686 nonne
870 2627 900 2685 in
935 2628 1059 2686 maximo

261 2745 357 2784 errore
371 2734 496 2783 versatur
505 2717 663 2823 l=5cumque
677 2724 756 2815 idern
767 2725 885 2782 omnino
887 2725 974 2798 ,quia
987 2725 1059 2782 nihil

259 2841 370 2898 semper
397 2841 448 2880 suo
476 2832 550 2879 statu
571 2830 694 2894 manent,
715 2798 801 2898 neget
820 2840 882 2879 esse
904 2821 1059 2896 quidquam

260 2920 486 2994 sempiternum,
503 2937 599 2975 noune
615 2894 708 2975 Deum
730 2918 848 3005 omniuo
868 2918 909 2975 ita
928 2918 1012 2989 tollit,
1027 2929 1059 2975 ut

216 3016 367 3073 25nullam
375 3015 559 3115 opinionem
587 3015 650 3091 ejus
671 3000 807 3090 reliq'ti'a'm
817 2988 934 3072 siciatt
958 3014 1061 3077 Quint
1069 3075 1074 3082 ,

264 3130 322 3183 aer,
337 3131 394 3186 quo
375 3082 555 3187 Diogenes
568 3111 767 3186 Apolloniates
782 3110 870 3167 utitur
884 3111 960 3181 Deo,
975 3128 1059 3186 quem

251 3228 370 3269 sensnm
392 3209 502 3270 liabere
527 3219 633 3289 potest,
654 3217 703 3267 aut
728 3225 815 3283 quam
838 3206 960 3263 leimam
984 3206 1061 3264 Deil
