2409 3859
193 450 235 516 at
433 523 435 527 ¹
459 461 502 510 nn
520 460 656 511 aarum
673 460 819 509 emaum.

126 595 178 670 ‘d‘i
238 611 342 685 sortiri
354 611 422 688 quid
441 611 566 689 loquare.
607 610 675 670 Nisi
695 611 767 670 sorte
786 629 825 670 ne
844 610 901 669 hoo
920 609 1037 686 quiden

177 742 181 749 ·
235 709 372 787 uttendis,
387 728 445 768 non
458 699 566 767 niodo
558 727 588 766 1n
602 708 726 780 homine,
741 708 790 766 aed
805 708 891 766 etiam
911 707 942 765 in
957 707 1038 765 arbo·

238 823 280 878 re,
301 807 440 882 quidquid
461 805 776 903 supervaoapeumsit,
798 815 950 863 autunum
976 822 1038 862 non

238 902 351 976 babent,
364 897 487 962 obstare.
508 880 626 965 ¹Quam
640 903 790 960 molestum
804 912 848 960 est
868 920 926 959 uno
946 902 1039 978 digito

198 998 303 1075 opius
323 999 451 1057 haberet
479 997 549 1074 quid
575 997 639 1056 itat
666 997 733 1073 quia
752 1015 808 1054 neo
828 997 953 1072 speeiem
980 1014 1039 1054 neo

238 1116 322 1157 usum
349 1099 436 1156 alium
463 1098 590 1174 quinque
617 1097 788 1156 desiderant.
829 1096 914 1154 Tuus
941 1107 1038 1154 autem

238 1194 318 1254 Deus
332 1212 390 1260 nou
404 1195 496 1273 digito
515 1215 584 1261 uno
594 1195 745 1269 redundat,
760 1194 810 1252 sed
831 1193 940 1275 eapite,
950 1194 1037 1266 collo,

238 1292 407 1363 cervicibus,
423 1291 569 1364 lateribus,
584 1276 657 1363 elno,
671 1301 762 1368 tergo,
771 1275 965 1366 popbubus
948 1290 1039 1348 meni·

238 1387 292 1445 bus
294 1388 446 1464 ,pedibu'r,
461 1388 626 1460 seminibus,
641 1388 782 1445 eruribus.
824 1386 856 1444 Si
872 1397 903 1444 ut
923 1387 1039 1445 immor-

195 1494 226 1546 10
238 1483 303 1541 tulis
322 1484 368 1556 sit,
389 1484 458 1559 quid
479 1485 541 1542 baeo
562 1484 597 1542 ad
618 1484 704 1542 vitam
726 1484 852 1542 membra
871 1483 1044 1560 pertinenti„

237 1581 307 1657 quid
321 1580 382 1657 ipen
395 1581 505 1645 faciest
547 1579 644 1658 Magis
653 1580 716 1663 itta,
728 1581 888 1651 cerebrum,
903 1598 964 1651 oor,
978 1579 1040 1656 pul·

169 1745 170 1748 ¹
238 1696 348 1750 mones,
361 1677 459 1755 jeour:
474 1676 936 1736 haeoenimsuntdomioiliavitae.
970 1675 1039 1734 Orir

238 1774 355 1850 quidem
368 1774 482 1833 habitus
496 1774 532 1832 ad
546 1774 611 1832 uitae
630 1773 793 1831 firmitatem
813 1772 885 1830 nihil
905 1773 1050 1870 pertine}

110 1961 143 2009 ²⁰
277 1966 423 2026 XXXVI.
450 1967 492 2024 At
505 1983 555 2025 eos
574 1966 765 2044 vituperabas,
779 1966 828 2043 qui
849 1985 885 2024 ex
904 1967 1040 2043 operibor

195 2064 400 2141 romagninus
414 2074 499 2140 atque
517 2063 673 2140 preclaris,
688 2083 755 2121 eum
775 2063 869 2141 iprum
889 2064 1039 2134 mundum,

238 2179 306 2218 oum
326 2159 387 2237 ejus
407 2161 545 2232 membra,
560 2160 673 2232 oaelum,
687 2170 787 2232 terma,
802 2160 901 2232 maria,
917 2177 1041 2235 eumque

238 2257 340 2317 horum
354 2257 598 2335 insigniu,bolem,
609 2257 717 2330 lunam,
728 2258 881 2333 stellaeque
895 2257 1041 2327 vidissent,

239 2373 365 2430 eumque
379 2365 539 2430 temporum
560 2355 747 2427 maturitates,
762 2354 944 2426 mutationes,
960 2352 1042 2412 tioiu-

239 2455 436 2530 eitudinesque
462 2454 675 2532 cognovissent,
702 2453 840 2530 suspicati
867 2464 963 2511 essent
992 2453 1042 2511 nli·

194 2563 227 2616 2⁰
241 2572 325 2630 quam
352 2553 539 2622 exeeltentem
559 2562 623 2610 esse
641 2562 880 2628 praestantemque
899 2537 1041 2623 naturam,

240 2670 304 2726 quae
324 2651 387 2708 haeo
414 2649 539 2721 fecisset,
559 2658 696 2720 moveret,
717 2658 838 2729 regeret,
859 2648 1040 2724 gubernaret

240 2747 314 2825 Qi,
329 2747 426 2825 etiam,
437 2747 461 2804 ai
477 2747 611 2804 aberrant
624 2765 641 2803 a
655 2732 832 2821 conjectum,
847 2743 931 2801 video
945 2753 1041 2801 tamen

241 2842 310 2920 q'uid
324 2854 488 2921 sequantur.
529 2843 578 2901 Tu
600 2842 676 2918 quod
690 2861 762 2917 opus
775 2841 891 2899 tamdem
906 2858 1042 2918 maguum

241 2953 271 3000 et
290 2942 437 3020 egregium
458 2941 556 3011 habes,
577 2939 654 3015 quod
675 2939 808 2996 effectum
829 2918 1043 3016 divinnf'iuente

197 3044 229 3096 25
241 3039 381 3110 videatur,
390 3057 426 3097 ex
438 3056 496 3114 quo
509 3055 572 3095 ease
586 3036 664 3094 Deos
674 3035 843 3110 suspiceret
878 3034 1042 3105 Habebam,

241 3135 348 3210 inquis,
363 3134 393 3192 in
415 3134 512 3192 animo
526 3133 640 3191 insitum
654 3129 885 3190 informationem
899 3129 1043 3205 quandum

229 3229 291 3293 Dei
301 3251 313 3305 ς
334 3243 365 3293 et
386 3231 504 3293 barbuti
523 3229 643 3311 quidem
654 3226 875 3304 &exinaniente
892 3225 1042 3303 Minerva.
