<?xml version="1.0" encoding="UTF-8"?>
<!DOCTYPE html PUBLIC "-//W3C//DTD XHTML 1.0 Transitional//EN"
    "http://www.w3.org/TR/xhtml1/DTD/xhtml1-transitional.dtd">
<html xmlns="http://www.w3.org/1999/xhtml" xml:lang="en" lang="en">
 <head>
  <title>
</title>
<meta http-equiv="Content-Type" content="text/html;charset=utf-8" />
  <meta name='ocr-system' content='tesseract 3.04.00' />
  <meta name='ocr-capabilities' content='ocr_page ocr_carea ocr_par ocr_line ocrx_word'/>
</head>
<body>
  <div class='ocr_page' id='page_1' title='image "./mtciceronisdena00cicegoog_0067.png"; bbox 0 0 2409 3859; ppageno 0'>
   <div class='ocr_carea' id='block_1_1' title="bbox 482 447 1006 506">
    <p class='ocr_par' dir='ltr' id='par_1_1' title="bbox 482 447 1006 506">
     <span class='ocr_line' id='line_1_1' title="bbox 482 447 1006 506; baseline 0.01 -5"><span class='ocrx_word' id='word_1_1' title='bbox 482 456 579 503; x_wconf 79' lang='lat' dir='ltr'>mnne</span> <span class='ocrx_word' id='word_1_2' title='bbox 598 458 618 504; x_wconf 86' lang='lat'>1.</span> <span class='ocrx_word' id='word_1_3' title='bbox 637 458 674 505; x_wconf 73' lang='lat' dir='ltr'>so.</span> <span class='ocrx_word' id='word_1_4' title='bbox 984 447 1006 506; x_wconf 77' lang='grc'><strong>8</strong></span> 
     </span>
    </p>
   </div>
   <div class='ocr_carea' id='block_1_2' title="bbox 164 604 1083 2032">
    <p class='ocr_par' dir='ltr' id='par_1_2' title="bbox 165 604 977 978">
     <span class='ocr_line' id='line_1_2' title="bbox 165 604 976 685; baseline 0.001 -22"><span class='ocrx_word' id='word_1_5' title='bbox 165 604 257 678; x_wconf 78' lang='lat' dir='ltr'>fnoiet,</span> <span class='ocrx_word' id='word_1_6' title='bbox 278 618 314 665; x_wconf 82' lang='lat' dir='ltr'>nt</span> <span class='ocrx_word' id='word_1_7' title='bbox 334 606 399 665; x_wconf 84' lang='lat' dir='ltr'>sint</span> <span class='ocrx_word' id='word_1_8' title='bbox 418 607 516 665; x_wconf 85' lang='lat' dir='ltr'>omnis</span> <span class='ocrx_word' id='word_1_9' title='bbox 535 608 734 685; x_wconf 66' lang='lat' dir='ltr'>sempiterne?</span> <span class='ocrx_word' id='word_1_10' title='bbox 777 606 920 684; x_wconf 83' lang='lat' dir='ltr'>Confugis</span> <span class='ocrx_word' id='word_1_11' title='bbox 942 606 976 664; x_wconf 82' lang='lat' dir='ltr'>sd</span> 
     </span>
     <span class='ocr_line' id='line_1_3' title="bbox 165 700 976 783; baseline 0.002 -22"><span class='ocrx_word' id='word_1_12' title='bbox 165 700 403 779; x_wconf 82' lang='lat' dir='ltr'>eqnilibritstem</span> <span class='ocrx_word' id='word_1_13' title='bbox 431 704 489 783; x_wconf 84' lang='lat' dir='ltr'>(sio</span> <span class='ocrx_word' id='word_1_14' title='bbox 518 706 597 764; x_wconf 91' lang='lat' dir='ltr'>enim</span> <span class='ocrx_word' id='word_1_15' title='bbox 632 713 786 777; x_wconf 64' lang='lat' dir='ltr'>laureolos,</span> <span class='ocrx_word' id='word_1_16' title='bbox 814 705 839 762; x_wconf 90' lang='lat' dir='ltr'>si</span> <span class='ocrx_word' id='word_1_17' title='bbox 872 705 976 781; x_wconf 82' lang='lat' dir='ltr'>planet,</span> 
     </span>
     <span class='ocr_line' id='line_1_4' title="bbox 167 801 976 882; baseline 0.004 -25"><span class='ocrx_word' id='word_1_18' title='bbox 167 801 357 882; x_wconf 78' lang='lat' dir='ltr'>appellemus)</span> <span class='ocrx_word' id='word_1_19' title='bbox 380 812 410 859; x_wconf 88' lang='lat' dir='ltr'>et</span> <span class='ocrx_word' id='word_1_20' title='bbox 432 802 482 874; x_wconf 80' lang='lat' dir='ltr'>ais,</span> <span class='ocrx_word' id='word_1_21' title='bbox 498 804 630 880; x_wconf 79' lang='lat' dir='ltr'>qnoniam</span> <span class='ocrx_word' id='word_1_22' title='bbox 650 804 689 861; x_wconf 80' lang='lat' dir='ltr'>sit</span> <span class='ocrx_word' id='word_1_23' title='bbox 709 811 818 860; x_wconf 82' lang='lat' dir='ltr'>natura</span> <span class='ocrx_word' id='word_1_24' title='bbox 837 803 976 874; x_wconf 77' lang='lat' dir='ltr'>mortalis,</span> 
     </span>
     <span class='ocr_line' id='line_1_5' title="bbox 166 898 977 978; baseline 0.001 -23"><span class='ocrx_word' id='word_1_25' title='bbox 166 898 350 957; x_wconf 76' lang='lat' dir='ltr'><strong><em>immortalem</em></strong></span> <span class='ocrx_word' id='word_1_26' title='bbox 364 901 451 957; x_wconf 80' lang='lat' dir='ltr'>etiam</span> <span class='ocrx_word' id='word_1_27' title='bbox 466 920 523 958; x_wconf 78' lang='lat' dir='ltr'>esse</span> <span class='ocrx_word' id='word_1_28' title='bbox 536 908 673 978; x_wconf 76' lang='lat' dir='ltr'><em>oportere.</em></span> <span class='ocrx_word' id='word_1_29' title='bbox 715 900 776 958; x_wconf 86' lang='lat' dir='ltr'>Isto</span> <span class='ocrx_word' id='word_1_30' title='bbox 797 899 893 972; x_wconf 90' lang='lat' dir='ltr'><strong>modo,</strong></span> <span class='ocrx_word' id='word_1_31' title='bbox 908 919 977 975; x_wconf 88' lang='lat' dir='ltr'><strong>quo-</strong></span> 
     </span>
    </p>

    <p class='ocr_par' dir='ltr' id='par_1_3' title="bbox 167 996 1005 1170">
     <span class='ocr_line' id='line_1_6' title="bbox 168 996 1005 1075; baseline -0.004 -22"><span class='ocrx_word' id='word_1_32' title='bbox 168 996 241 1053; x_wconf 79' lang='lat' dir='ltr'>niam</span> <span class='ocrx_word' id='word_1_33' title='bbox 256 996 396 1054; x_wconf 82' lang='lat' dir='ltr'>homines</span> <span class='ocrx_word' id='word_1_34' title='bbox 408 999 544 1056; x_wconf 81' lang='lat' dir='ltr'><strong>mortales</strong></span> <span class='ocrx_word' id='word_1_35' title='bbox 558 1009 635 1070; x_wconf 89' lang='lat' dir='ltr'>sunt,</span> <span class='ocrx_word' id='word_1_36' title='bbox 650 999 706 1056; x_wconf 76' lang='lat' dir='ltr'>sint</span> <span class='ocrx_word' id='word_1_37' title='bbox 721 998 811 1075; x_wconf 81' lang='lat' dir='ltr'>aliqui</span> <span class='ocrx_word' id='word_1_38' title='bbox 832 998 1005 1055; x_wconf 78' lang='lat' dir='ltr'>immone-5</span> 
     </span>
     <span class='ocr_line' id='line_1_7' title="bbox 167 1082 976 1170; baseline 0.006 -20"><span class='ocrx_word' id='word_1_39' title='bbox 167 1092 222 1151; x_wconf 84' lang='lat' dir='ltr'>les:</span> <span class='ocrx_word' id='word_1_40' title='bbox 244 1103 274 1152; x_wconf 82' lang='lat' dir='ltr'>et</span> <span class='ocrx_word' id='word_1_41' title='bbox 288 1094 430 1170; x_wconf 83' lang='lat' dir='ltr'>qnoniam</span> <span class='ocrx_word' id='word_1_42' title='bbox 445 1106 605 1154; x_wconf 80' lang='lat' dir='ltr'>naseuntur</span> <span class='ocrx_word' id='word_1_43' title='bbox 620 1097 650 1154; x_wconf 94' lang='lat' dir='ltr'>in</span> <span class='ocrx_word' id='word_1_44' title='bbox 670 1106 757 1168; x_wconf 85' lang='lat' dir='ltr'>terra,</span> <span class='ocrx_word' id='word_1_45' title='bbox 771 1082 926 1154; x_wconf 76' lang='lat' dir='ltr'>naseuntur</span> <span class='ocrx_word' id='word_1_46' title='bbox 946 1109 976 1155; x_wconf 86' lang='lat' dir='ltr'>et</span> 
     </span>
    </p>

    <p class='ocr_par' dir='ltr' id='par_1_4' title="bbox 165 1190 1083 1758">
     <span class='ocr_line' id='line_1_8' title="bbox 167 1190 975 1270; baseline 0.004 -23"><span class='ocrx_word' id='word_1_47' title='bbox 167 1190 194 1247; x_wconf 89' lang='lat' dir='ltr'>in</span> <span class='ocrx_word' id='word_1_48' title='bbox 208 1210 290 1267; x_wconf 74' lang='lat' dir='ltr'>nque</span> <span class='ocrx_word' id='word_1_49' title='bbox 334 1192 382 1251; x_wconf 78' lang='lat' dir='ltr'>Et</span> <span class='ocrx_word' id='word_1_50' title='bbox 402 1193 473 1268; x_wconf 83' lang='lat' dir='ltr'>quia</span> <span class='ocrx_word' id='word_1_51' title='bbox 492 1202 560 1251; x_wconf 80' lang='lat' dir='ltr'>sunt</span> <span class='ocrx_word' id='word_1_52' title='bbox 573 1214 637 1270; x_wconf 81' lang='lat' dir='ltr'>quae</span> <span class='ocrx_word' id='word_1_53' title='bbox 649 1194 825 1266; x_wconf 81' lang='lat' dir='ltr'>interimant,</span> <span class='ocrx_word' id='word_1_54' title='bbox 839 1195 898 1251; x_wconf 79' lang='lat' dir='ltr'>sint</span> <span class='ocrx_word' id='word_1_55' title='bbox 912 1212 975 1270; x_wconf 74' lang='lat' dir='ltr'>quo</span> 
     </span>
     <span class='ocr_line' id='line_1_9' title="bbox 168 1290 1070 1367; baseline 0 -22"><span class='ocrx_word' id='word_1_56' title='bbox 168 1298 338 1347; x_wconf 76' lang='lat' dir='ltr'>conservent.</span> <span class='ocrx_word' id='word_1_57' title='bbox 385 1290 451 1348; x_wconf 87' lang='lat' dir='ltr'>Sint</span> <span class='ocrx_word' id='word_1_58' title='bbox 472 1310 560 1350; x_wconf 85' lang='lat' dir='ltr'>sone:</span> <span class='ocrx_word' id='word_1_59' title='bbox 583 1292 634 1349; x_wconf 89' lang='lat' dir='ltr'>sed</span> <span class='ocrx_word' id='word_1_60' title='bbox 655 1310 689 1349; x_wconf 88' lang='lat' dir='ltr'>en</span> <span class='ocrx_word' id='word_1_61' title='bbox 709 1304 890 1363; x_wconf 79' lang='lat' dir='ltr'>conservent,</span> <span class='ocrx_word' id='word_1_62' title='bbox 910 1310 974 1367; x_wconf 73' lang='lat' dir='ltr'>quie</span> <span class='ocrx_word' id='word_1_63' title='bbox 1002 1306 1070 1345; x_wconf 58' lang='lat' dir='ltr'><strong>noo·-</strong></span> 
     </span>
     <span class='ocr_line' id='line_1_10' title="bbox 166 1386 1083 1446; baseline 0.007 -5"><span class='ocrx_word' id='word_1_64' title='bbox 166 1396 236 1444; x_wconf 85' lang='lat' dir='ltr'>sont.</span> <span class='ocrx_word' id='word_1_65' title='bbox 281 1386 365 1445; x_wconf 84' lang='lat' dir='ltr'>Deos</span> <span class='ocrx_word' id='word_1_66' title='bbox 379 1386 450 1444; x_wconf 84' lang='lat' dir='ltr'>istos</span> <span class='ocrx_word' id='word_1_67' title='bbox 463 1405 527 1446; x_wconf 88' lang='lat' dir='ltr'>esse</span> <span class='ocrx_word' id='word_1_68' title='bbox 540 1406 599 1445; x_wconf 90' lang='lat' dir='ltr'>non</span> <span class='ocrx_word' id='word_1_69' title='bbox 614 1390 716 1446; x_wconf 86' lang='lat' dir='ltr'>sentio.</span> <span class='ocrx_word' id='word_1_70' title='bbox 758 1388 863 1446; x_wconf 90' lang='lat' dir='ltr'>Omnis</span> <span class='ocrx_word' id='word_1_71' title='bbox 876 1399 974 1446; x_wconf 83' lang='lat' dir='ltr'>tamen</span> <span class='ocrx_word' id='word_1_72' title='bbox 1034 1390 1083 1435; x_wconf 69' lang='grc' dir='ltr'>ΗΟ</span> 
     </span>
     <span class='ocr_line' id='line_1_11' title="bbox 167 1481 1018 1562; baseline 0 -22"><span class='ocrx_word' id='word_1_73' title='bbox 167 1481 218 1540; x_wconf 79' lang='lat' dir='ltr'>isto</span> <span class='ocrx_word' id='word_1_74' title='bbox 231 1502 329 1542; x_wconf 83' lang='lat' dir='ltr'>rerum</span> <span class='ocrx_word' id='word_1_75' title='bbox 344 1485 457 1562; x_wconf 82' lang='lat' dir='ltr'>effigies</span> <span class='ocrx_word' id='word_1_76' title='bbox 470 1504 506 1543; x_wconf 81' lang='lat' dir='ltr'>ex</span> <span class='ocrx_word' id='word_1_77' title='bbox 520 1486 677 1544; x_wconf 85' lang='lat' dir='ltr'>individuis</span> <span class='ocrx_word' id='word_1_78' title='bbox 691 1506 749 1562; x_wconf 92' lang='lat' dir='ltr'>quo</span> <span class='ocrx_word' id='word_1_79' title='bbox 769 1487 854 1545; x_wconf 90' lang='lat' dir='ltr'><strong>modo</strong></span> <span class='ocrx_word' id='word_1_80' title='bbox 875 1490 1018 1562; x_wconf 79' lang='lat' dir='ltr'><strong>corpo-1⁰</strong></span> 
     </span>
     <span class='ocr_line' id='line_1_12' title="bbox 167 1570 972 1667; baseline 0.004 -31"><span class='ocrx_word' id='word_1_81' title='bbox 167 1579 244 1639; x_wconf 87' lang='lat' dir='ltr'>ribus</span> <span class='ocrx_word' id='word_1_82' title='bbox 256 1582 375 1639; x_wconf 70' lang='lat' dir='ltr'>orituri</span> <span class='ocrx_word' id='word_1_83' title='bbox 398 1600 462 1656; x_wconf 79' lang='lat' dir='ltr'>qum</span> <span class='ocrx_word' id='word_1_84' title='bbox 477 1583 598 1641; x_wconf 78' lang='lat' dir='ltr'>etiamsi</span> <span class='ocrx_word' id='word_1_85' title='bbox 611 1570 789 1659; x_wconf 52' lang='lat' dir='ltr'>essentiquae</span> <span class='ocrx_word' id='word_1_86' title='bbox 801 1584 879 1640; x_wconf 89' lang='lat' dir='ltr'>nulla</span> <span class='ocrx_word' id='word_1_87' title='bbox 889 1594 972 1667; x_wconf 54' lang='lat' dir='ltr'>sunm</span> 
     </span>
     <span class='ocr_line' id='line_1_13' title="bbox 165 1678 974 1758; baseline 0.001 -22"><span class='ocrx_word' id='word_1_88' title='bbox 165 1678 267 1753; x_wconf 81' lang='lat' dir='ltr'>pellere</span> <span class='ocrx_word' id='word_1_89' title='bbox 288 1698 321 1737; x_wconf 91' lang='lat' dir='ltr'>se</span> <span class='ocrx_word' id='word_1_90' title='bbox 343 1681 416 1755; x_wconf 87' lang='lat' dir='ltr'>ipsa,</span> <span class='ocrx_word' id='word_1_91' title='bbox 432 1689 461 1737; x_wconf 85' lang='lat' dir='ltr'>et</span> <span class='ocrx_word' id='word_1_92' title='bbox 481 1681 584 1758; x_wconf 81' lang='lat' dir='ltr'>agitari</span> <span class='ocrx_word' id='word_1_93' title='bbox 606 1682 680 1739; x_wconf 85' lang='lat' dir='ltr'>inter</span> <span class='ocrx_word' id='word_1_94' title='bbox 700 1700 732 1738; x_wconf 89' lang='lat' dir='ltr'>se</span> <span class='ocrx_word' id='word_1_95' title='bbox 752 1698 897 1738; x_wconf 81' lang='lat' dir='ltr'><strong>concursu</strong></span> <span class='ocrx_word' id='word_1_96' title='bbox 919 1680 974 1737; x_wconf 84' lang='lat' dir='ltr'><strong>for·</strong></span> 
     </span>
    </p>

    <p class='ocr_par' dir='ltr' id='par_1_5' title="bbox 165 1777 974 1857">
     <span class='ocr_line' id='line_1_14' title="bbox 165 1777 974 1857; baseline 0.001 -22"><span class='ocrx_word' id='word_1_97' title='bbox 165 1784 237 1835; x_wconf 71' lang='lat' dir='ltr'>insse</span> <span class='ocrx_word' id='word_1_98' title='bbox 248 1788 389 1853; x_wconf 79' lang='lat' dir='ltr'><strong>possent:</strong></span> <span class='ocrx_word' id='word_1_99' title='bbox 412 1778 545 1847; x_wconf 81' lang='lat' dir='ltr'>formare,</span> <span class='ocrx_word' id='word_1_100' title='bbox 561 1780 695 1857; x_wconf 83' lang='lat' dir='ltr'>figurare,</span> <span class='ocrx_word' id='word_1_101' title='bbox 711 1778 851 1849; x_wconf 83' lang='lat' dir='ltr'>eolorare,</span> <span class='ocrx_word' id='word_1_102' title='bbox 867 1777 974 1836; x_wconf 83' lang='lat' dir='ltr'>enims·</span> 
     </span>
    </p>

    <p class='ocr_par' dir='ltr' id='par_1_6' title="bbox 164 1874 1017 2032">
     <span class='ocr_line' id='line_1_15' title="bbox 165 1874 972 1955; baseline 0.004 -24"><span class='ocrx_word' id='word_1_103' title='bbox 165 1890 194 1931; x_wconf 81' lang='lat' dir='ltr'>re</span> <span class='ocrx_word' id='word_1_104' title='bbox 205 1892 263 1933; x_wconf 92' lang='lat' dir='ltr'>non</span> <span class='ocrx_word' id='word_1_105' title='bbox 276 1885 407 1951; x_wconf 79' lang='lat' dir='ltr'><strong>possent.</strong></span> <span class='ocrx_word' id='word_1_106' title='bbox 450 1874 542 1935; x_wconf 90' lang='lat' dir='ltr'><strong>Nullo</strong></span> <span class='ocrx_word' id='word_1_107' title='bbox 562 1877 650 1955; x_wconf 82' lang='lat' dir='ltr'>igitur</span> <span class='ocrx_word' id='word_1_108' title='bbox 672 1875 759 1933; x_wconf 89' lang='lat' dir='ltr'><strong>modo</strong></span> <span class='ocrx_word' id='word_1_109' title='bbox 779 1876 972 1934; x_wconf 83' lang='lat' dir='ltr'><strong>immortalem</strong></span> 
     </span>
     <span class='ocr_line' id='line_1_16' title="bbox 164 1968 1017 2032; baseline 0.004 -3"><span class='ocrx_word' id='word_1_110' title='bbox 164 1968 255 2029; x_wconf 80' lang='lat' dir='ltr'>neum</span> <span class='ocrx_word' id='word_1_111' title='bbox 269 1972 397 2030; x_wconf 76' lang='lat' dir='ltr'>efficitis.</span> <span class='ocrx_word' id='word_1_112' title='bbox 986 1984 1017 2032; x_wconf 88' lang='lat'>15</span> 
     </span>
    </p>
   </div>
   <div class='ocr_carea' id='block_1_3' title="bbox 120 2166 1067 3222">
    <p class='ocr_par' dir='ltr' id='par_1_7' title="bbox 163 2166 1067 2734">
     <span class='ocr_line' id='line_1_17' title="bbox 199 2166 972 2229; baseline 0.008 -6"><span class='ocrx_word' id='word_1_113' title='bbox 199 2166 264 2225; x_wconf 84' lang='lat' dir='ltr'>XL.</span> <span class='ocrx_word' id='word_1_114' title='bbox 292 2166 455 2226; x_wconf 79' lang='lat' dir='ltr'>Videamus</span> <span class='ocrx_word' id='word_1_115' title='bbox 475 2188 555 2227; x_wconf 87' lang='lat' dir='ltr'>nuno</span> <span class='ocrx_word' id='word_1_116' title='bbox 576 2170 613 2228; x_wconf 87' lang='lat' dir='ltr'>de</span> <span class='ocrx_word' id='word_1_117' title='bbox 633 2171 726 2228; x_wconf 85' lang='lat' dir='ltr'>bento.</span> <span class='ocrx_word' id='word_1_118' title='bbox 769 2170 840 2227; x_wconf 88' lang='lat' dir='ltr'>Sine</span> <span class='ocrx_word' id='word_1_119' title='bbox 867 2170 972 2229; x_wconf 78' lang='lat' dir='ltr'>virtute</span> 
     </span>
     <span class='ocr_line' id='line_1_18' title="bbox 165 2263 971 2343; baseline 0.004 -23"><span class='ocrx_word' id='word_1_120' title='bbox 165 2272 240 2321; x_wconf 79' lang='lat' dir='ltr'>eene</span> <span class='ocrx_word' id='word_1_121' title='bbox 266 2263 350 2322; x_wconf 83' lang='lat' dir='ltr'><strong>nullo</strong></span> <span class='ocrx_word' id='word_1_122' title='bbox 377 2265 481 2343; x_wconf 84' lang='lat' dir='ltr'><strong>modo:</strong></span> <span class='ocrx_word' id='word_1_123' title='bbox 515 2266 606 2325; x_wconf 85' lang='lat' dir='ltr'>virtus</span> <span class='ocrx_word' id='word_1_124' title='bbox 642 2278 737 2323; x_wconf 83' lang='lat' dir='ltr'><strong>autem</strong></span> <span class='ocrx_word' id='word_1_125' title='bbox 772 2278 907 2325; x_wconf 80' lang='lat' dir='ltr'>aetuoso:</span> <span class='ocrx_word' id='word_1_126' title='bbox 942 2277 971 2324; x_wconf 91' lang='lat' dir='ltr'>et</span> 
     </span>
     <span class='ocr_line' id='line_1_19' title="bbox 163 2356 969 2441; baseline 0.002 -24"><span class='ocrx_word' id='word_1_127' title='bbox 163 2356 240 2418; x_wconf 85' lang='lat' dir='ltr'>Dens</span> <span class='ocrx_word' id='word_1_128' title='bbox 259 2372 356 2419; x_wconf 79' lang='lat' dir='ltr'>vester</span> <span class='ocrx_word' id='word_1_129' title='bbox 376 2360 448 2419; x_wconf 88' lang='lat' dir='ltr'>nihil</span> <span class='ocrx_word' id='word_1_130' title='bbox 471 2382 575 2441; x_wconf 82' lang='lat' dir='ltr'>egens:</span> <span class='ocrx_word' id='word_1_131' title='bbox 604 2383 705 2440; x_wconf 85' lang='lat' dir='ltr'>expers</span> <span class='ocrx_word' id='word_1_132' title='bbox 726 2365 838 2422; x_wconf 85' lang='lat' dir='ltr'>virtutis</span> <span class='ocrx_word' id='word_1_133' title='bbox 865 2364 969 2441; x_wconf 75' lang='lat' dir='ltr'>igitur:</span> 
     </span>
     <span class='ocr_line' id='line_1_20' title="bbox 163 2458 1067 2540; baseline 0.004 -25"><span class='ocrx_word' id='word_1_134' title='bbox 163 2458 200 2516; x_wconf 80' lang='lat' dir='ltr'>ite</span> <span class='ocrx_word' id='word_1_135' title='bbox 212 2480 249 2519; x_wconf 86' lang='lat' dir='ltr'>ne</span> <span class='ocrx_word' id='word_1_136' title='bbox 270 2462 374 2518; x_wconf 81' lang='lat' dir='ltr'>beatus</span> <span class='ocrx_word' id='word_1_137' title='bbox 394 2461 519 2536; x_wconf 86' lang='lat' dir='ltr'>quidem.</span> <span class='ocrx_word' id='word_1_138' title='bbox 559 2463 638 2526; x_wconf 82' lang='lat' dir='ltr'>Quae</span> <span class='ocrx_word' id='word_1_139' title='bbox 653 2482 723 2540; x_wconf 86' lang='lat' dir='ltr'>ergo</span> <span class='ocrx_word' id='word_1_140' title='bbox 738 2465 817 2522; x_wconf 69' lang='lat' dir='ltr'><strong>vito?</strong></span> <span class='ocrx_word' id='word_1_141' title='bbox 860 2466 971 2539; x_wconf 87' lang='lat' dir='ltr'>Suppe·</span> <span class='ocrx_word' id='word_1_142' title='bbox 1037 2458 1067 2509; x_wconf 77' lang='lat' dir='ltr'><em>W</em></span> 
     </span>
     <span class='ocr_line' id='line_1_21' title="bbox 163 2554 1014 2633; baseline 0.007 -18"><span class='ocrx_word' id='word_1_143' title='bbox 163 2554 269 2631; x_wconf 77' lang='lat' dir='ltr'>ditatio,</span> <span class='ocrx_word' id='word_1_144' title='bbox 290 2558 399 2633; x_wconf 86' lang='lat' dir='ltr'>inquis,</span> <span class='ocrx_word' id='word_1_145' title='bbox 430 2560 580 2632; x_wconf 86' lang='lat' dir='ltr'><strong>bonorum,</strong></span> <span class='ocrx_word' id='word_1_146' title='bbox 609 2561 690 2618; x_wconf 91' lang='lat' dir='ltr'><strong>nullo</strong></span> <span class='ocrx_word' id='word_1_147' title='bbox 716 2563 857 2621; x_wconf 86' lang='lat' dir='ltr'><strong>malorum</strong></span> <span class='ocrx_word' id='word_1_148' title='bbox 886 2561 1014 2621; x_wconf 78' lang='lat' dir='ltr'>inter-20</span> 
     </span>
     <span class='ocr_line' id='line_1_22' title="bbox 163 2656 969 2734; baseline 0.005 -24"><span class='ocrx_word' id='word_1_149' title='bbox 163 2665 255 2714; x_wconf 79' lang='lat' dir='ltr'>ventu.</span> <span class='ocrx_word' id='word_1_150' title='bbox 295 2656 434 2718; x_wconf 81' lang='lat' dir='ltr'><strong>Quorum</strong></span> <span class='ocrx_word' id='word_1_151' title='bbox 458 2659 576 2716; x_wconf 85' lang='lat' dir='ltr'>tandem</span> <span class='ocrx_word' id='word_1_152' title='bbox 596 2660 759 2717; x_wconf 70' lang='lat' dir='ltr'>bonorum?</span> <span class='ocrx_word' id='word_1_153' title='bbox 782 2661 969 2734; x_wconf 85' lang='lat' dir='ltr'><strong>voluptatum,</strong></span> 
     </span>
    </p>

    <p class='ocr_par' dir='ltr' id='par_1_8' title="bbox 120 2752 1013 3222">
     <span class='ocr_line' id='line_1_23' title="bbox 120 2752 970 2833; baseline 0.009 -27"><span class='ocrx_word' id='word_1_154' title='bbox 120 2800 128 2833; x_wconf 90' lang='lat'>·.</span> <span class='ocrx_word' id='word_1_155' title='bbox 165 2752 265 2824; x_wconf 81' lang='lat' dir='ltr'>ered03</span> <span class='ocrx_word' id='word_1_156' title='bbox 293 2772 399 2829; x_wconf 87' lang='lat' dir='ltr'>nempe</span> <span class='ocrx_word' id='word_1_157' title='bbox 420 2755 455 2812; x_wconf 87' lang='lat' dir='ltr'>ad</span> <span class='ocrx_word' id='word_1_158' title='bbox 483 2775 588 2831; x_wconf 85' lang='lat' dir='ltr'>eorpus</span> <span class='ocrx_word' id='word_1_159' title='bbox 608 2757 833 2832; x_wconf 89' lang='lat' dir='ltr'>pertinentium:</span> <span class='ocrx_word' id='word_1_160' title='bbox 861 2755 970 2814; x_wconf 84' lang='lat' dir='ltr'><strong>nullom</strong></span> 
     </span>
     <span class='ocr_line' id='line_1_24' title="bbox 164 2848 970 2933; baseline 0.007 -27"><span class='ocrx_word' id='word_1_161' title='bbox 164 2848 236 2907; x_wconf 88' lang='lat' dir='ltr'>enim</span> <span class='ocrx_word' id='word_1_162' title='bbox 271 2851 403 2923; x_wconf 79' lang='lat' dir='ltr'>novistis,</span> <span class='ocrx_word' id='word_1_163' title='bbox 438 2853 495 2911; x_wconf 83' lang='lat' dir='ltr'>nisi</span> <span class='ocrx_word' id='word_1_164' title='bbox 528 2854 690 2929; x_wconf 83' lang='lat' dir='ltr'><strong>profectam</strong></span> <span class='ocrx_word' id='word_1_165' title='bbox 726 2876 741 2914; x_wconf 86' lang='lat' dir='ltr'><strong>o</strong></span> <span class='ocrx_word' id='word_1_166' title='bbox 776 2854 907 2933; x_wconf 79' lang='lat' dir='ltr'>corpore,</span> <span class='ocrx_word' id='word_1_167' title='bbox 941 2866 970 2912; x_wconf 85' lang='lat' dir='ltr'>et</span> 
     </span>
     <span class='ocr_line' id='line_1_25' title="bbox 120 2932 969 3035; baseline 0.002 -28"><span class='ocrx_word' id='word_1_168' title='bbox 120 2998 132 3035; x_wconf 40' lang='grc' dir='ltr'>Ι.</span> <span class='ocrx_word' id='word_1_169' title='bbox 165 2946 328 3007; x_wconf 77' lang='lat' dir='ltr'>redeuntem</span> <span class='ocrx_word' id='word_1_170' title='bbox 358 2949 394 3006; x_wconf 82' lang='lat' dir='ltr'>ad</span> <span class='ocrx_word' id='word_1_171' title='bbox 413 2968 536 3027; x_wconf 74' lang='lat' dir='ltr'>eorpus,</span> <span class='ocrx_word' id='word_1_172' title='bbox 559 2952 647 3009; x_wconf 83' lang='lat' dir='ltr'>animi</span> <span class='ocrx_word' id='word_1_173' title='bbox 674 2932 857 3029; x_wconf 79' lang='lat' dir='ltr'>voluptatem.¹</span> <span class='ocrx_word' id='word_1_174' title='bbox 899 2949 969 3009; x_wconf 91' lang='lat' dir='ltr'>Non</span> 
     </span>
     <span class='ocr_line' id='line_1_26' title="bbox 120 3034 1013 3129; baseline 0.013 -28"><span class='ocrx_word' id='word_1_175' title='bbox 120 3038 123 3043; x_wconf 76' lang='grc'><strong>’</strong></span> <span class='ocrx_word' id='word_1_176' title='bbox 166 3044 284 3103; x_wconf 71' lang='lat' dir='ltr'>arbitror</span> <span class='ocrx_word' id='word_1_177' title='bbox 293 3034 302 3075; x_wconf 85' lang='grc'>·’</span> <span class='ocrx_word' id='word_1_178' title='bbox 313 3056 355 3118; x_wconf 88' lang='lat' dir='ltr'>te,</span> <span class='ocrx_word' id='word_1_179' title='bbox 376 3046 481 3120; x_wconf 83' lang='lat' dir='ltr'>Vellei,</span> <span class='ocrx_word' id='word_1_180' title='bbox 509 3049 633 3107; x_wconf 84' lang='lat' dir='ltr'>similem</span> <span class='ocrx_word' id='word_1_181' title='bbox 654 3069 728 3108; x_wconf 80' lang='lat' dir='ltr'>esse</span> <span class='ocrx_word' id='word_1_182' title='bbox 754 3048 1013 3129; x_wconf 43' lang='lat' dir='ltr'>¹Epicureorum&amp;</span> 
     </span>
     <span class='ocr_line' id='line_1_27' title="bbox 124 3132 972 3222; baseline 0.008 -22"><span class='ocrx_word' id='word_1_183' title='bbox 124 3180 128 3187; x_wconf 85' lang='lat'><em>·</em></span> <span class='ocrx_word' id='word_1_184' title='bbox 166 3140 350 3219; x_wconf 75' lang='lat' dir='ltr'>reliquorum,</span> <span class='ocrx_word' id='word_1_185' title='bbox 381 3162 454 3220; x_wconf 90' lang='lat' dir='ltr'>quos</span> <span class='ocrx_word' id='word_1_186' title='bbox 486 3147 593 3222; x_wconf 85' lang='lat' dir='ltr'>pudent</span> <span class='ocrx_word' id='word_1_187' title='bbox 628 3132 888 3222; x_wconf 50' lang='lat' dir='ltr'>eornm-&#39;&#39;Eoieiu&#39;x</span> <span class='ocrx_word' id='word_1_188' title='bbox 920 3162 972 3200; x_wconf 62' lang='lat' dir='ltr'>&#39;m-</span> 
     </span>
    </p>
   </div>
   <div class='ocr_carea' id='block_1_4' title="bbox 166 3228 1002 3414">
    <p class='ocr_par' dir='ltr' id='par_1_9' title="bbox 166 3228 1002 3414">
     <span class='ocr_line' id='line_1_28' title="bbox 166 3228 1002 3327; baseline -0.026 -15"><span class='ocrx_word' id='word_1_189' title='bbox 166 3254 235 3311; x_wconf 67' lang='lat' dir='ltr'>fflffl,</span> <span class='ocrx_word' id='word_1_190' title='bbox 262 3241 370 3319; x_wconf 73' lang='lat' dir='ltr'>quibus</span> <span class='ocrx_word' id='word_1_191' title='bbox 389 3243 440 3307; x_wconf 78' lang='lat' dir='ltr'>iiie</span> <span class='ocrx_word' id='word_1_192' title='bbox 464 3232 605 3327; x_wconf 63' lang='lat' dir='ltr'>instetur,</span> <span class='ocrx_word' id='word_1_193' title='bbox 618 3268 660 3312; x_wconf 82' lang='lat' dir='ltr'>se</span> <span class='ocrx_word' id='word_1_194' title='bbox 679 3228 722 3311; x_wconf 84' lang='lat' dir='ltr'>ne</span> <span class='ocrx_word' id='word_1_195' title='bbox 740 3243 916 3327; x_wconf 53' lang='lat' dir='ltr'>iniexiigeie</span> <span class='ocrx_word' id='word_1_196' title='bbox 933 3237 1002 3311; x_wconf 66' lang='lat' dir='ltr'>mix-</span> 
     </span>
     <span class='ocr_line' id='line_1_29' title="bbox 228 3342 816 3414; baseline -0.036 -16"><span class='ocrx_word' id='word_1_197' title='bbox 228 3348 296 3399; x_wconf 72' lang='lat' dir='ltr'>rnn.</span> <span class='ocrx_word' id='word_1_198' title='bbox 310 3359 334 3401; x_wconf 84' lang='lat'>1.</span> <span class='ocrx_word' id='word_1_199' title='bbox 466 3351 488 3414; x_wconf 74' lang='grc'>6</span> <span class='ocrx_word' id='word_1_200' title='bbox 598 3387 602 3394; x_wconf 84' lang='grc'><em>,</em></span> <span class='ocrx_word' id='word_1_201' title='bbox 728 3342 816 3377; x_wconf 60' lang='lat'>³..</span> 
     </span>
    </p>
   </div>
   <div class='ocr_carea' id='block_1_5' title="bbox 0 0 1211 3859">
    <p class='ocr_par' dir='ltr' id='par_1_10' title="bbox 0 0 1211 3859">
     <span class='ocr_line' id='line_1_30' title="bbox 0 0 1211 3859; baseline 0 0"><span class='ocrx_word' id='word_1_202' title='bbox 0 0 1211 3859; x_wconf 95' lang='lat' dir='ltr'> </span> 
     </span>
    </p>
   </div>
  </div>
 </body>
</html>
