2409 3859
207 455 263 518 1⁰4
469 467 512 515 ns
530 466 666 516 urruns
683 466 828 515 urorum.

248 615 396 676 nominata
409 626 460 678 est.
501 617 521 676 J
523 636 569 676 am
581 617 633 694 qui
646 636 754 694 magno
765 625 899 690 emera,
914 616 1051 677 Mavors:

249 710 382 772 Minerva
396 725 501 788 autem,
516 735 580 791 quae
594 716 639 774 vel
652 716 799 787 minueret,
813 715 857 773 vel
879 716 1052 776 minoretur.

288 907 418 968 XXVII.
446 909 581 984 Cumque
594 908 625 967 in
638 909 774 967 omnibns
786 909 872 967 rebus
886 908 947 967 vim
967 909 1053 968 habe·

248 1017 313 1063 rent
340 1007 494 1083 maximam
519 1006 614 1083 prima
634 1017 663 1064 et
682 1015 819 1078 extrema,
840 1006 1004 1082 prinoipem
1023 1007 1053 1064 in

220 1102 441 1166 fisaoriiioando
468 1102 576 1160 Janum
612 1121 675 1160 esse
710 1102 875 1173 voluerunt3
911 1103 991 1178 quod
1018 1104 1054 1162 ab

249 1199 338 1257 eundo
365 1217 470 1256 nomen
498 1209 542 1257 est
569 1199 707 1256 ductum:
736 1218 772 1257 ex
791 1218 849 1274 quo
867 1200 1054 1258 transitiones

245 1296 364 1372 perviae,
382 1295 475 1372 janir
498 1296 631 1372 foresque
651 1296 681 1353 in
702 1296 850 1354 liminibus
868 1296 1053 1372 profanarum

249 1391 473 1469 aedium,januoe
485 1392 680 1451 nominantur.
723 1393 799 1449 Nam
810 1393 909 1450 Vestae
918 1412 1026 1451 nomen
1037 1411 1053 1452 a

247 1488 359 1546 Graeois
369 1499 427 1547 est:
443 1507 477 1547 ea
487 1498 530 1547 est
541 1489 700 1564 enim,quae
711 1490 747 1546 ab
758 1488 813 1545 illis
822 1494 921 1543 ‘Eorta
931 1490 1052 1548 dieitur:

206 1593 236 1645 10
248 1584 291 1644 vis
306 1598 400 1644 autem
414 1587 476 1665 ejus
491 1587 526 1644 ad
542 1605 605 1644 aras
618 1595 647 1643 et
661 1587 742 1644 focos
754 1585 887 1662 pertinet.
906 1587 1010 1662 Itaque
1024 1587 1052 1644 in

248 1702 284 1742 ea
296 1684 370 1756 Des,
384 1703 448 1760 quae
470 1694 514 1743 est
533 1702 629 1741 rerum
651 1693 748 1740 eustos
767 1682 946 1755 intimarum,
960 1683 1054 1742 omnis

248 1791 277 1839 et
287 1781 416 1858 precatio
429 1792 458 1839 et
471 1780 644 1839 sacrificatio
658 1790 784 1845 extrema
798 1789 848 1837 est.
891 1778 958 1838 Neo
968 1781 1053 1858 longe

249 1878 352 1936 absunt
367 1879 403 1936 ab
417 1879 473 1936 hae
492 1878 521 1936 vi
541 1877 581 1936 Di
602 1877 736 1948 Penates,
751 1877 810 1934 sive
832 1895 849 1934 a
863 1896 942 1953 penu
963 1878 1051 1936 dueto

247 1974 365 2032 nomine
380 1974 438 2052 (est
451 1975 530 2032 enim
543 1992 639 2045 omne,
655 1991 712 2048 quo
732 1983 886 2031 vesountur
907 1973 1049 2041 homines,

205 2084 235 2134 15
246 2072 353 2149 penus)
369 2071 428 2128 sive
444 2071 478 2127 ab
492 2089 536 2141 eo,
552 2070 628 2144 quod
638 2070 756 2145 penitus
771 2069 915 2127 insidentr
937 2089 974 2128 ex
993 2091 1051 2147 quo

247 2168 335 2226 etiam
355 2166 517 2244 penetrales
538 2185 554 2223 a
573 2167 669 2242 po'o'tis
688 2177 836 2225 vocantur.
877 2167 944 2225 Jsm
965 2168 1052 2244 Apol·

247 2263 315 2322 linis
347 2282 454 2322 nornen
487 2273 531 2321 est
562 2261 708 2336 Graeoum,
745 2283 830 2339 quern
865 2265 956 2323 solem
975 2255 1052 2324 'esse

247 2361 363 2420 volunt:
379 2360 517 2419 ¹Dianam
547 2371 643 2418 autem
663 2371 693 2419 et
713 2361 825 2420 Lunam
846 2363 969 2420 eandem
990 2381 1052 2420 esse

247 2469 366 2536 putant:
394 2476 462 2516 oum
489 2459 531 2516 sol
559 2458 656 2516 dietus
682 2458 729 2530 sit,
751 2459 795 2517 vel
823 2459 893 2534 quia
919 2461 996 2518 solus
1016 2478 1050 2518 ex

203 2561 235 2613 20
249 2557 383 2614 omnibus
403 2555 545 2614 sideribus
565 2566 609 2614 est
629 2565 734 2626 tantus,
755 2555 798 2613 vei
821 2556 898 2632 quia,
919 2575 988 2614 oum
1008 2567 1051 2615 est

248 2665 373 2726 exortus,
388 2653 548 2711 obscuratis
562 2654 696 2711 omnibus
716 2653 791 2710 solus
813 2663 945 2728 apparet:
967 2654 1051 2712 Luna

249 2749 393 2808 uincendo
407 2749 554 2807 nominata
568 2751 621 2808 sit:
643 2751 744 2808 eadem
764 2760 807 2807 est
827 2750 905 2807 euim
926 2750 1049 2809 Lucina

247 2845 359 2923 Itaque,
374 2858 405 2904 ut
421 2847 494 2922 apud
509 2847 628 2904 Graeoos
649 2845 774 2904 Dianam
794 2865 914 2922 eamque
935 2847 1051 2905 Luoife·

248 2961 319 3016 ram,
334 2944 377 3001 sio
392 2943 467 3019 apud
481 2955 593 3000 nostros
608 2942 626 2999 J
630 2962 753 3001 unonem
767 2943 911 3001 Lucinam
932 2944 962 3002 in
976 2943 1051 3021 pari·

202 3042 324 3100 ffiendo
357 3041 492 3098 invocant
500 3060 508 3110 3
543 3057 606 3114 quae
641 3039 741 3097 eadem
769 3038 864 3098 Diana
897 3041 1049 3119 omnivaga

247 3136 364 3210 dieitur,
376 3156 433 3194 non
449 3155 466 3193 a
478 3134 615 3206 venundo,
627 3135 678 3192 sed
693 3136 770 3212 quod
784 3135 813 3193 in
828 3147 937 3212 septem
951 3154 1050 3194 nume·

235 3244 320 3295 ratur
347 3247 490 3317 tanquam
523 3231 713 3313 vagantibus.
744 3231 849 3289 Uiaun
868 3233 961 3302 uinta„
981 3228 1048 3306 <auia
