2409 3859
212 439 252 500 94
479 457 522 504 na
540 457 676 505 nanum
694 454 839 502 osonum.

222 622 224 626 ·
258 605 326 682 quid
347 605 384 665 sit
404 619 554 683 optimum,
579 607 700 685 judicat,
722 605 785 664 caeli
808 604 948 682 palatum,
969 614 1001 664 ut
1020 604 1058 664 ait

258 705 381 778 Ennius,
395 726 453 765 uon
468 708 603 784 suspexit.

299 900 384 960 XIX.
412 900 443 958 N
446 921 491 960 am
518 920 585 959 cum
612 901 670 959 duo
697 903 754 958 sint
780 918 888 978 genera
913 900 1059 958 siderum:

259 1017 379 1074 quorum
395 997 514 1055 alterum
528 998 628 1074 spatiis
643 996 868 1055 immutabilibus
883 995 920 1054 ab
939 1007 1007 1054 ortu
1026 995 1061 1054 ad

229 1101 394 1151 eoccasum
417 1112 592 1165 commeans,
614 1094 726 1151 nullum
748 1111 874 1167 unquam
895 1111 999 1150 cursus
1018 1091 1061 1150 sui

258 1189 411 1266 vestigium
445 1189 588 1247 inflectat:
625 1190 744 1248 aiterum
779 1202 873 1248 autem
908 1189 1063 1247 continuas

259 1285 462 1343 conversiones
495 1287 567 1343 duas
601 1287 704 1344 iisdem
738 1285 837 1363 spatiis
871 1286 1063 1361 cursibusque

259 1383 413 1441 conficiat:
449 1402 484 1442 ex
511 1394 631 1460 utraque
659 1402 691 1442 re
717 1395 746 1441 et
766 1383 866 1440 mundi
888 1383 1062 1454 volubilitas,

259 1499 322 1555 qaae
331 1479 392 1537 'nisi
407 1480 437 1537 in
451 1480 570 1557 globosa
584 1480 676 1537 torma
689 1499 751 1538 esse
765 1499 825 1537 non
837 1491 946 1555 posset,
957 1491 988 1538 et
1001 1479 1063 1538 stel-

215 1581 246 1633 1⁰
259 1577 351 1634 larum
362 1577 478 1634 rotundi
489 1578 612 1635 ambitus
624 1588 848 1654 cognoscuntur.
891 1576 1063 1652 Primusque

260 1675 313 1747 sol,
325 1675 374 1750 qui
387 1686 524 1734 astrorum
537 1675 648 1732 obtinet
656 1674 857 1751 principatum,
869 1673 911 1731 ita
921 1684 1061 1744 movetur,

260 1781 293 1829 ut
319 1791 386 1829 cum
414 1783 504 1830 terras
530 1771 611 1848 larga
636 1770 703 1828 luce
730 1769 926 1846 compleverit,
948 1770 1061 1830 easdem

261 1869 348 1926 modo
374 1869 429 1940 his,
451 1869 537 1926 modo
564 1867 621 1925 illis
648 1886 683 1925 ex
702 1868 832 1943 partibus
851 1878 975 1942 opacet:
1003 1867 1062 1944 ipsa

260 1965 338 2025 enim
366 1965 467 2023 umbra
494 1975 575 2022 terrae
603 1962 657 2019 soli
678 1963 808 2021 officiens
828 1974 946 2021 noctem
967 1962 1061 2021 efficit

216 2071 248 2122 15
260 2060 291 2118 N
293 2072 478 2118 octurnorum
494 2071 588 2117 antem
602 2059 759 2147 spatiorum
774 2060 875 2117 eadem
887 2069 931 2117 est
941 2059 1062 2136 aequabi·

260 2156 335 2228 litas,
352 2175 415 2231 quae
436 2155 618 2224 diurnorum;
641 2155 826 2231 ejusdemque
846 2155 916 2214 solis
936 2167 999 2214 tum
1021 2174 1063 2214 ac·

261 2272 359 2312 cessus
374 2252 491 2325 modici,
506 2264 567 2311 tum
591 2271 732 2324 recessus,
747 2264 776 2310 et
789 2253 904 2330 frigoris
918 2264 948 2312 et
961 2253 1063 2312 caloris

261 2349 378 2408 modum
392 2360 560 2427 temperent.
603 2349 752 2407 Circuitus
766 2349 844 2407 enim
858 2349 929 2408 solis
949 2351 1061 2410 orbium

262 2446 388 2523 quinque
403 2457 432 2505 et
446 2447 594 2524 sexaginta
608 2455 636 2503 et
656 2446 788 2518 trecenti,
804 2457 905 2521 quarta
925 2446 987 2507 sere
1007 2444 1063 2506 diei

216 2556 342 2622 eoparte
369 2543 475 2616 addita,
496 2543 714 2601 conversionem
736 2542 895 2600 conficiunt
916 2562 1062 2605 annuam:

263 2642 413 2701 inflectens
428 2652 522 2698 autem
537 2641 577 2698 sol
593 2659 710 2698 cursum
724 2650 785 2697 tum
797 2639 832 2697 ad
846 2643 1064 2715 septemtriones

263 2749 324 2796 tum
340 2738 375 2795 ad
390 2737 548 2808 meridiem,
563 2746 676 2794 aestates
695 2746 724 2794 et
745 2736 853 2794 hiemes
874 2737 964 2796 efficit
984 2749 1014 2797 et
1032 2755 1065 2797 ea

263 2838 321 2894 duo
349 2846 486 2911 tempora,
508 2853 629 2910 quorum
651 2833 770 2891 alterum
793 2833 882 2891 hiemi
903 2833 1064 2894 senescenti

265 2934 431 3011 adjunctum
458 2941 511 3002 est,
533 2931 654 2988 aiterum
681 2931 781 2989 aestati.
823 2930 868 2989 Ita
888 2949 924 2988 ex
944 2945 1064 3008 quatuor

218 3041 251 3093 25
264 3041 422 3106 temporum
445 3027 653 3085 mutationibus
674 3027 813 3098 omnium,
827 3046 892 3103 quae
911 3038 990 3088 terra
1010 3046 1066 3087 ma·

263 3129 345 3203 rique
358 3126 526 3205 gignuntur,
541 3124 624 3182 initia
638 3143 789 3200 causaeque
804 3125 959 3184 ducuntur.
1001 3126 1065 3187 Jem

253 3225 328 3287 sniis
342 3245 458 3287 annuos
473 3242 577 3285 cursus
589 3220 691 3303 spatiis
708 3221 865 3281 menstruis
879 3222 954 3281 tuna
968 3242 1067 3285 conse·
